3014 4666
321 281 382 343 210
742 275 802 331 Lib.
822 275 859 332 11.

381 473 525 559 κληδόνα
550 469 688 558 μύθων,
712 483 748 541 οἳ
767 471 992 560 οινροὲμοιρον

383 577 502 654 νυκτός
527 577 680 665 φυλακήν
704 576 815 664 istium
839 586 996 668 οιραιιᾶς
1018 575 1302 664 ιιροκᾶθηνοαιῐ).

382 688 431 753 Sic
475 688 565 751 verba
604 688 844 772 interpungenda
890 695 970 755 sunt.
1005 689 1149 754 chorus
1194 687 1338 749 iuvenum

283 795 417 860 militum
440 811 456 858 e
478 794 610 857 statione
632 795 702 858 ante
724 797 824 859 eastra
835 795 997 860 nuntiandi
1018 811 1109 858 cause
1124 793 1162 856 ad
1175 789 1339 855 Hectorem

284 903 444 965 missorum
470 898 604 981 aliquem
632 918 656 994 e¹
670 900 751 983 regis
774 901 937 978 (Hectoris)
960 899 1144 966 satellitibus
1167 900 1220 962 aut
1247 895 1340 960 armi-

284 1007 374 1092 geris,
406 1006 458 1088 qui
479 1004 517 1068 ad
538 1005 651 1068 ostium
677 1005 800 1070 tentorii
821 1007 937 1090 vigilet,
969 1005 1132 1068 Hectorem
1155 1003 1286 1068 excitare
1310 1004 1340 1065 et

285 1130 408 1176 sevocare
439 1110 546 1174 iubet'
587 1109 701 1173 etudiat
734 1111 792 1184 (sic
814 1113 915 1194 orant)
936 1111 1087 1184 nuntium,
1110 1111 1166 1173 cet.
1225 1108 1342 1172 Deinde

285 1217 385 1281 subito
406 1217 508 1298 ipsum
529 1201 706 1292 Hectorem,
729 1217 817 1298 quasi
841 1217 879 1280 ed
894 1213 1109 1291 cnmdeducti,
1132 1215 1341 1296 alloquuntur:

286 1319 396 1406 ὄρθου
419 1317 569 1404 κεφαλήν
590 1323 646 1385 cet.
672 1322 878 1400 (ubiinitium
906 1323 942 1387 fit
970 1323 1039 1386 novi
1066 1319 1243 1406 systematis
1271 1337 1343 1382 ana-

285 1427 424 1511 pernicia
470 1425 529 1492 Sed
542 1430 624 1490 νέων
645 1425 676 1490 in
699 1427 756 1491 hac
777 1427 930 1509 scriptura
948 1447 965 1492 a
987 1421 1114 1501 μύθων
1137 1423 1240 1490 divelli
1254 1428 1286 1489 et
1308 1424 1344 1487 de

184 1610 189 1618 χ
286 1534 445 1598 iuvenibus
466 1532 606 1616 intellegi
627 1533 745 1614 necuim
768 1532 873 1615 itaque
897 1539 931 1596 οἳ
950 1549 1114 1614 pronomen
1148 1549 1208 1596 non
1241 1529 1344 1607 habet,

289 1659 347 1722 qno
380 1638 537 1702 referetur.
587 1636 669 1716 Quas
702 1629 849 1703 adhibent
882 1639 952 1704 huic
982 1639 1058 1704 vitio
1090 1637 1277 1709 medicinas,
1314 1636 1347 1700 et

287 1746 427 1810 violentae
454 1746 527 1808 sunt
552 1743 775 1825 transponendo
802 1745 954 1828 simulque
982 1743 1129 1809 mutando
1159 1746 1190 1808 ct
1207 1741 1348 1806 incidunt

288 1852 318 1915 in
342 1870 410 1914 eam
436 1847 638 1931 pravitatem,
667 1851 702 1914 ut
723 1844 941 1924 ιλααοιιιοιοίς
969 1852 1001 1914 ot
1022 1849 1245 1935 ιουχοφόρους
1276 1867 1347 1911 cum

289 1959 377 2021 choro
399 1954 594 2021 confundant.
640 1955 753 2021 Lenius
775 1976 823 2022 res
844 1958 973 2041 transigi
994 1975 1084 2038 posse
1105 1955 1245 2020 videtur:

953 2066 1089 2138 Δι’ξαιτο
1115 2067 1198 2128 νιίιιν

410 2157 553 2249 κληδόνα
576 2159 717 2250 μῦθόν
738 2161 788 2242 θ’,
812 2175 846 2234 οἳ
866 2166 1091 2256 τετράμοιρον
1113 2197 1140 2236 κ.
1164 2193 1194 2233 τ.
1218 2169 1247 2232 λ.

385 2270 451 2338 Itd.
473 2272 513 2332 46
536 2271 731 2336 scribendum
753 2275 887 2342 videtur:

533 2381 612 2440 νέαν
634 2375 697 2442 τιν’
720 2373 775 2463 ἐφ’
796 2385 958 2466 ἱέμενοι
979 2393 983 2460 l
1002 2379 1110 2467 βάξιν.

387 2481 452 2546 lbd.
472 2477 529 2545 59:

387 2589 432 2651 Εἰ
453 2582 680 2672 yde-acervat
703 2585 753 2672 μή
776 2597 930 2678 ξυνιόχου
952 2591 1049 2677 ἡλίου

388 2695 594 2776 λικμητῆρος,
617 2688 678 2760 οὐκ
700 2690 745 2760 (ἓν
767 2706 863 2783 ι”σχον
886 2693 1049 2786 ιυτυχοὺν
1072 2691 1153 2782 δόρυ
1176 2723 1201 2762 ιι.
1228 2721 1255 2762 r.
1279 2701 1306 2762 λ.

389 2801 558 2884 Συνέοχου
583 2802 624 2865 =et
664 2806 789 2885 propter
826 2805 1080 2888 significationem
1117 2807 1278 2871 obscuram
1319 2809 1351 2870 et

288 2905 469 2970 insolentem
501 2909 542 2979 et¹
558 2907 596 2970 ob
626 2915 721 2992 ἔσχον
747 2909 779 2972 in
809 2913 943 2993 proximo
971 2929 1059 2976 versu
1091 2913 1266 2992 suspectum
1293 2913 1351 2983 est¹

290 3010 438 3094 credoque
459 3011 553 3078 fuisse
576 3004 803 3099 ‹rvodyooe’
827 3021 880 3082 aut
901 3018 1002 3084 simile
1025 3016 1150 3099 aliquid.
1201 3031 1205 3042 ·

390 3117 455 3183 lbd.
477 3118 535 3180 251
559 3133 620 3183 uua
649 3119 753 3185 littera
775 3123 923 3188 mutanda
950 3126 998 3188 est
1019 3123 1117 3188 etsie
1137 3121 1350 3186 scribendum:

363 3231 371 3242 ·
944 3221 1202 3314 mmmm

397 3334 433 3391 ἐν
455 3332 572 3414 αι’χμᾲ·
596 3324 721 3406 πόθι,
746 3334 875 3398 Μυσῶν
897 3329 934 3405 ὃς
956 3330 1044 3419 ἐμοὶυ
1066 3332 1259 3418 ξυμμαχίαν

1081 3433 1203 3518 uiridem

292 3539 352 3604 Ubi
375 3541 432 3616 est,
455 3541 506 3622 qui
529 3545 725 3608 contemnat?
768 3542 843 3621 Quis
866 3547 1058 3610 contemnere
1081 3544 1195 3610 audet?

324 3788 345 3855 ¹)
366 3790 453 3844 Semel
476 3795 592 3862 systema
613 3794 801 3861 enapaesticum
826 3795 896 3846 recte
914 3793 1061 3848 describere
1079 3795 1165 3852 volui,
1191 3809 1243 3846 uon
1269 3805 1355 3859 parm-

365 3884 442 3936 miaci
460 3883 595 3937 efficiendi
614 3900 693 3937 causa
713 3887 775 3953 post
792 3887 908 3954 primum
927 3885 1121 3940 monometruin
1140 3887 1197 3939 sine
1216 3883 1272 3938 ulla
1291 3885 1357 3938 nota

365 3976 496 4033 indicione
516 3977 651 4040 insistens,
670 3975 717 4030 sed
737 3981 886 4045 anapaestos
905 3995 952 4046 per
970 3978 1098 4032 dimetros
1116 3977 1200 4030 libere
1218 3975 1356 4030 decurrere

365 4068 463 4136 sinens,
482 4069 563 4121 donec
583 4084 658 4120 versu
677 4067 796 4137 longiore
814 4070 944 4124 catalecto
962 4075 1078 4140 systema
1096 4071 1213 4124 linietur.
