2944 4660
309 273 354 334 48
751 275 810 328 Lib.
830 277 851 328 Ι.

232 527 234 532 .
268 466 440 534 ἄκλυστον
456 464 566 555 στόμα
587 467 743 561 λαβούσῃ
759 472 845 556 πρὸς
867 466 933 558 ιηίι
947 465 1138 538 θάλασσαν’.
1174 472 1200 535 Ε
1216 471 1335 536 Laidnis

267 573 385 640 Seneca
405 577 517 641 consol.
540 577 579 640 ad
596 577 695 642 Maro.
719 579 756 656 9,
786 579 805 641 5
828 595 902 643 curn
921 578 967 642 sic
994 579 1180 661 scripsisset:
1225 576 1335 656 Quic-

267 699 375 762 quam
412 683 453 745 tu
491 681 603 762 ponas
644 701 714 748 non
757 685 946 761 futurum
984 685 1079 767 quod
1112 683 1189 748 sois
1219 700 1335 764 possa

266 786 376 864 iicri
410 786 507 870 quod
539 787 690 854 multis
707 789 825 855 nidos
853 790 1052 867 evenisse,
1086 792 1169 854 recto
1199 788 1334 870 primum

266 892 404 956 absoluta
432 889 470 956 τι
501 887 650 958 δυνατόν
683 913 820 976 ponens
855 897 887 959 in
909 911 967 977 qno
988 895 1066 960 nihil
1086 895 1146 960 loci
1166 892 1335 957 multitudo

266 1000 321 1063 aut
340 999 478 1080 paucitas
508 967 623 1076 nands,
659 999 769 1063 deindo
799 1017 865 1064 rom
893 1019 973 1083 saepc
1002 1001 1137 1077 factam,
1172 1016 1265 1080 pravo
1298 1017 1335 1060 cx

265 1104 432 1188 posteriora
453 1105 521 1169 idco
549 1103 694 1168 multis
722 1107 848 1170 ctiam
840 1125 872 1170 nn
900 1105 986 1188 prius
1013 1106 1189 1172 membrum
1210 1097 1334 1168 illatum

267 1209 331 1276 osc:
355 1210 456 1291 quod
478 1209 614 1272 multis
637 1209 713 1306 sois
734 1227 847 1291 possa
868 1210 1012 1288 fiori,
1003 1231 1035 1275 ιιι
1058 1231 1118 1294 quo
1133 1209 1334 1291 etiamplanc

265 1313 449 1380 inusitatum
474 1317 522 1379 est
542 1315 690 1378 multis
726 1315 825 1378 fieri
854 1335 909 1398 pro
940 1335 990 1394 eo,
1026 1316 1107 1399 quod
1127 1318 1176 1388 est
1196 1313 1334 1379 multis

268 1421 460 1485 accidere.
514 1421 619 1503 Longo
650 1420 732 1484 enim
760 1420 851 1490 aliter
877 1421 1003 1486 dicitur:
1043 1421 1139 1500 Quid
1167 1419 1207 1484 ‘ci
1230 1420 1335 1484 'fiens

267 1529 320 1592 aut
341 1527 443 1591 idom
465 1525 568 1590 facio
590 1526 735 1591 ceteris
759 1525 832 1604 (vid.
857 1527 896 1590 ad
921 1526 1018 1592 Cicer.
1042 1527 1079 1591 da
1100 1527 1153 1591 fin.
1176 1527 1218 1602 ΙΙ,
1241 1523 1280 1585 79
1302 1545 1333 1606 p.

265 1633 351 1715 274).
400 1631 432 1696 si
453 1632 558 1714 posset
579 1629 702 1696 dativus
723 1631 804 1712 poni,
828 1631 991 1696 dicandum
1014 1635 1082 1696 erat
1102 1631 1289 1697 omnibus.

348 1737 488 1802 Plurium
510 1737 670 1802 vorborum
687 1737 823 1801 attotius
834 1738 995 1802 sententia}
1007 1739 1143 1802 traiecta
1159 1735 1334 1818 exemplum

266 1843 408 1910 (tracum
430 1842 511 1907 sumi
532 1843 634 1924 potest
655 1861 672 1905 s
695 1840 851 1907 Strabonis
873 1843 926 1908 lib.
948 1843 1022 1908 XVI
1044 1863 1074 1926 p.
1097 1843 1169 1920 778,
1190 1843 1245 1907 nbi
1265 1859 1334 1906 ma·

265 1949 323 2013 diae
345 1947 512 2013 narrationi
534 1948 571 2010 do
592 1947 747 2013 Arabibus
768 1949 800 2012 iu
823 1949 929 2014 stratis
952 1967 988 2014 ex
1008 1949 1163 2014 radicibus
1187 1941 1334 2012 fruticum

265 2053 490 2120 odoriferorum
518 2053 737 2117 dormientibus
767 2055 799 2117 ct
825 2057 987 2137 propterca
1006 2055 1044 2126 ,in
1067 2056 1228 2144 ueternum
1254 2053 1334 2118 inci-

265 2159 409 2224 dentibus
441 2177 564 2241 prorsus
600 2159 723 2240 inepto
744 2159 979 2241 interponuntur
1015 2159 1134 2244 aliquot
1164 2160 1259 2237 narba
1296 2157 1334 2222 de

264 2265 416 2330 mercibus
438 2258 570 2331 odoratis
592 2264 631 2328 ab
647 2260 770 2328 Arabiae
784 2264 899 2332 finibus
919 2285 974 2349 per
995 2268 1181 2350 propinquos
1203 2263 1333 2346 populos

263 2353 346 2436 uldra
366 2369 512 2451 portabis:
536 2365 770 2453 διαδεχόμενοι
793 2363 823 2434 δ’
845 2375 877 2434 οἱ
892 2368 1062 2458 σύνεγγυς
1077 2366 1128 2437 αέὶ
1144 2366 1184 2434 ιδ
1210 2369 1331 2453 φορτία

265 2491 336 2550 τοῖς
367 2471 452 2556 μεθ’
489 2468 616 2546 αὐτούς
657 2475 772 2556 (editur
807 2469 884 2560 μετ’
924 2471 1065 2560 αὐτούς)
1103 2469 1332 2557 παραδιδόασι

263 2578 359 2669 μέχρι
384 2582 511 2666 sopior·
539 2583 592 2646 aci
622 2581 913 2666 Μεσοπόταμιάς,
943 2601 1011 2666 quae
1037 2583 1210 2648 manifesto·
1228 2585 1334 2646 trans-

262 2688 386 2754 ferenda
408 2689 441 2752 ιι
460 2687 600 2770 ponenda
620 2687 701 2751 inira
721 2689 795 2752 sunt
815 2689 888 2770 post
909 2707 945 2752 oa
959 2689 1062 2766 verba,
1085 2689 1195 2772 quibus
1212 2705 1332 2753 merces

263 2795 302 2861 ab
323 2795 399 2877 ipsis
421 2793 576 2858 Arabibus
597 2794 733 2875 portatae'
749 2794 973 2872 describuntur,
996 2795 1056 2858 hoc
1077 2796 1140 2870 ast,
1160 2795 1231 2874 post
1253 2793 1331 2876 dep-

261 2902 421 2986 ματίνας
443 2900 587 2972 πλοίοις.
631 2892 867 2982 Αριιιιιιιιιιιιι
879 2900 925 2963 XI
935 2919 965 2983 p.
982 2900 1043 2963 502
1060 2919 1104 2983 sq.
1120 2900 1165 2964 sio
1187 2899 1331 2965 scribitur

262 3007 312 3086 (da
327 3005 458 3072 Albanis
474 3005 513 3070 ad
528 3005 743 3088 Caucasum):'
757 3006 958 3090 Θηριαιικοὶ
982 3005 1017 3071 δὲ
1033 3005 1087 3071 καὶ
1103 2999 1202 3071 αὐτοὶ
1219 3007 1274 3070 καὶ
1298 3011 1330 3070 οἱ

263 3105 362 3185 κύνες
385 3105 499 3178 αὐτῶν
514 3114 562 3183 εἰς
584 3105 797 3195 ὑπερβολήν,
822 3105 863 3176 ου’
878 3113 977 3200 τέχνῃ
990 3113 1125 3194 μᾶλλον
1147 3105 1169 3196 ἢ
1193 3113 1330 3200 σπουδῇ

262 3218 304 3303 τῇ
327 3218 406 3299 περὶ
429 3215 544 3283 ταῦτα.
582 3218 788 3301 Διαφὲροασι
812 3217 846 3282 δὲ
869 3219 923 3282 καὶ
946 3223 979 3282 οἱ
992 3212 1155 3302 βασιλεῖς.
1189 3217 1330 3300 Apparet

259 3324 337 3389 illud
367 3324 405 3386 do
427 3325 492 3388 arte
523 3325 556 3388 ot
586 3323 717 3387 studio
708 3343 740 3386 ιιι
763 3324 888 3388 canibus
915 3323 1028 3388 saltem
1050 3342 1111 3389 non
1140 3321 1223 3388 rocta
1244 3324 1329 3405 poni,

259 3430 298 3494 de
325 3429 448 3511 regibus
482 3430 586 3494 autom
613 3430 707 3495 nimis
733 3429 853 3494 infinito
822 3429 947 3507 adici,
970 3430 1125 3494 abundare
1148 3429 1258 3506 otiam
1293 3431 1329 3494 ut

258 3553 355 3599 nuno
372 3533 468 3599 oratio
503 3533 610 3612 habet
647 3535 689 3622 τῇ
722 3537 800 3619 περὶ
830 3536 941 3602 τοῦτο.
991 3533 1100 3600 Strabo
1132 3533 1197 3598 sino
1234 3533 1327 3599 dubio

259 3639 509 3721 scripseram„
533 3665 620 3714 ,εις
654 3633 865 3728 απερβολήιι.
915 3643 1119 3726 Διαφέροασι
1149 3639 1182 3704 δὲ
1211 3665 1265 3706 και
1294 3647 1327 3706 οἱ

257 3749 412 3834 βασιλεῖς
449 3739 491 3812 οὐ
520 3749 619 3836 τὲχιιη
644 3739 829 3832 putidiori}
866 3745 999 3835 σπουδῇ
1028 3747 1070 3835 τῇ
1101 3747 1179 3832 napo
1213 3746 1326 3812 τοῦτο.

257 3853 283 3917 E
319 3853 387 3920 Lat'
378 3852 438 3918 mis
471 3853 553 3936 apud
588 3853 727 3918 Hirtium
760 3854 838 3935 (sivo
870 3851 949 3920 alius
985 3854 1033 3916 est
1048 3853 1216 3936 scriptor)
1250 3851 1326 3918 belli
1459 3849 1460 3852 ’

257 3957 457 4026 Alexandrini
478 3978 504 4024 c.
526 3960 566 4021 '12
584 3959 672 4037 Zela,
687 3958 803 4041 oppido
819 3958 920 4035 Ponti,
942 3957 1133 4023 circumiecti
1105 3960 1244 4024 tcollcs
1270 3957 1326 4021 da-

258 4067 445 4132 scribuntur:
475 4083 631 4148 quorum
660 4063 905 4130 editissimas
933 4081 1045 4140 unus,
1075 4065 1138 4145 qui
1163 4064 1326 4146 propter
