2944 4660
207 353 209 360 ,
302 287 343 348 74
738 287 798 342 Lib.
817 289 842 346 1.

257 483 344 548 nulla
370 486 427 549 est.
482 483 608 549 dedices
635 503 690 566 pro
714 483 830 549 etiarn
854 501 945 548 rere
966 483 1084 566 habent
1102 483 1322 560 atiamerei,

257 589 491 672 Antverpiensis
520 589 717 654 etiamer'e.
760 589 926 654 Videamus
953 601 1033 652 nnnc
1051 588 1173 682 erroris
1188 587 1319 672 gradus3

258 698 331 761 sunt
352 695 436 758 euim
457 694 711 760 manifestissimi.
755 693 925 777 scripserat
946 694 1077 760 Seneca:
1115 694 1217 758 nihil
1240 712 1323 757 nra-

257 802 319 885 gis
351 820 389 865 se
422 819 533 882 quam
564 799 832 890 intervallum
866 800 936 865 hoo
967 801 1134 865 luxuria
1166 800 1321 876 timere;

256 906 488 971 intermissa
503 905 602 970 uitia
616 905 887 970 vehementius
907 925 1077 990 surgere.
1100 905 1322 994 Oumconfiata

259 1014 363 1077 essent
395 1030 432 1076 se
455 1014 487 1076 et
517 1029 645 1093 quam,
676 1011 807 1076 sortasse
830 1011 1008 1094 compendio
1029 1011 1187 1092 particulae
1210 1019 1320 1092 quarn

258 1118 395 1194 obscure,
417 1116 537 1180 facturn
557 1117 605 1180 est
625 1116 756 1198 sequi;
791 1115 918 1193 deinde,
955 1133 1025 1180 cunr
1048 1118 1183 1181 extrema
1204 1115 1323 1184 vocalis

257 1222 395 1286 vocabuli
416 1221 594 1284 luxuriae
615 1221 796 1286 adhaesisset
823 1222 961 1304 sequenti
975 1221 1123 1286 infinitivo
1147 1221 1323 1304 (luxuria

257 1328 444 1403 etimere),
462 1327 578 1390 iactum
601 1327 649 1390 est
670 1326 807 1404 etiam,
840 1327 957 1391 rebctis
978 1327 1083 1390 tamen
1102 1327 1245 1392 inanibus
1266 1326 1322 1391 lit-

255 1433 330 1497 teris
353 1450 416 1510 ere
439 1433 479 1507 et,
502 1431 656 1514 geminato
677 1431 689 1496 i
718 1431 768 1513 (ex
787 1431 1041 1509 intermissa),
1065 1433 1157 1510 erei,
1180 1431 1322 1514 equibus

255 1539 365 1632 postea
387 1525 511 1600 demum
532 1537 683 1600 recentior
703 1537 813 1619 aliquis
842 1537 941 1602 scriba
973 1538 1026 1600 ant
1056 1536 1154 1601 editor
1175 1536 1322 1619 antiquus

254 1640 331 1704 illud
361 1659 453 1704 vere
482 1642 664 1722 composuit.
723 1643 843 1725 Agnren
870 1643 929 1706 hoc
955 1643 1068 1708 Instini
1089 1642 1214 1706 claudat
1233 1643 1320 1707 locus

254 1748 287 1810 in
311 1734 381 1824 VII,
398 1748 427 1823 6,
444 1747 461 1806 7
477 1749 542 1810 aaa
566 1737 604 1810 de
625 1746 768 1828 Philippo
789 1747 968 1825 Macedone,
990 1767 1084 1831 quem
1104 1748 1150 1812 sic
1170 1747 1322 1829 scriptum

254 1852 377 1934 Ieepius
400 1851 512 1918 edidit:
540 1851 636 1915 Post
656 1851 725 1914 hos
747 1851 850 1916 bello
871 1851 909 1914 in
931 1853 1097 1936 Illyrios
1119 1854 1322 1924 translato,

255 1955 528 2020 multamilia
549 1957 685 2020 caedit:
707 1957 848 2020 urbem
869 1958 1172 2022 nobilissimam
1194 1959 1322 2022 Laris-

255 2079 335 2124 sam
363 2061 493 2152 [capit.
515 2062 612 2126 Hinc
633 2061 899 2146 Thessaliam]
920 2081 994 2128 non
1015 2063 1149 2146 praedae
1172 2063 1322 2146 cupidi-

254 2167 356 2254 tate,
377 2166 452 2230 sed
474 2167 579 2248 quod
601 2167 795 2231 exercitui
817 2186 882 2232 suo
903 2169 1018 2232 robur
1040 2169 1320 2234 Thessalorum

256 2268 437 2353 equitum
459 2271 673 2356 adiungere
697 2272 917 2357 gestiebat,
941 2273 1041 2338 nihil
1061 2274 1194 2338 minus
1212 2291 1321 2356 quam

255 2375 413 2441 bellurn
443 2376 695 2442 metuentem
730 2367 986 2461 improvisus
1020 2381 1231 2462 expugnat.
1279 2369 1325 2442 aa
1464 2435 1465 2446 2

254 2481 1324 2568 sanecohaerenthaec:urbemnob.Lariasam...expugnat;

256 2587 311 2652 sed
332 2605 425 2669 quam
446 2587 595 2652 violenter
616 2587 920 2671 improbabiliterque
947 2588 1106 2654 deleantur
1133 2588 1198 2652 tria·
1214 2589 1323 2668 verba,

257 2712 324 2775 quae
353 2690 465 2756 addere
500 2691 617 2757 nemini
647 2693 680 2758 in
713 2695 975 2766 mentemvenire
996 2693 1145 2776 potnerit,
1179 2697 1321 2777 apparet.

257 2799 318 2862 Pro
340 2799 426 2863 hinc
454 2797 508 2862 alii
529 2796 648 2862 codices
676 2797 739 2862 hic
761 2799 800 2862 in
822 2800 958 2865 aut'hic
979 2801 1102 2865 habent.
1148 2798 1325 2882 Scripserat

254 2903 415 2970 lustinus:
462 2903 658 2968 Larissam
680 2904 814 2985 (caput
834 2904 903 2968 ho'c
924 2905 1159 2989 Thessalia)
1262 2925 1321 2970 ex-

254 3010 409 3092 pugnat.
454 3007 533 3073 Ouia
561 3007 703 3072 librarius
735 3013 789 3072 aut
810 3009 873 3074 solo
896 3027 970 3074 casu
991 3013 1149 3094 aut'qnod
1171 3013 1243 3093 pest
1266 3029 1322 3076 ac·
1450 3010 1452 3022 ’

255 3115 407 3180 casalinos
435 3115 512 3200 urb.
541 3115 625 3178 nob.
653 3113 858 3190 Larissam,
877 3115 1006 3180 uerbum
1034 3118 1238 3198 exspectabat,
1261 3133 1322 3178 ca-

254 3221 330 3299 put
360 3217 393 3281 in
424 3219 528 3301 capit
555 3220 717 3295 mutasset,
753 3219 911 3296 successit,
944 3220 996 3301 qui
1029 3239 1065 3284 ex
1098 3221 1321 3286 Thessalia

257 3323 412 3388 obiectum
434 3322 520 3388 verbi
542 3324 741 3408 expugnat
762 3323 912 3402 efficeret;
937 3327 1074 3390 restabat
1094 3327 1175 3404 hoc,
1200 3344 1236 3390 ex
1260 3343 1320 3407 quo

255 3427 353 3494 hinc
374 3431 405 3494 et
426 3430 487 3494 alia
508 3427 598 3492 facta.

339 3534 401 3599 Sed
423 3533 693 3611 eademvoluntas,
716 3552 782 3617 quae
793 3553 863 3598 vere
874 3534 1039 3615 depravata
1051 3536 1201 3620 corrigere
1215 3534 1320 3599 infeli-

257 3641 333 3704 citer
361 3641 543 3726 conabatnr,
577 3639 749 3703 necessario
772 3637 867 3702 etiam
888 3657 924 3702 ea
945 3641 1126 3724 attingebat,
1149 3659 1226 3724 quae,
1248 3659 1319 3704 cum

256 3747 360 3810 essent
381 3762 453 3809 vera
475 3745 507 3809 et
524 3747 619 3822 reeta,
643 3733 827 3822 hominibus,
846 3763 906 3808 non
929 3747 1004 3811 satis
1024 3746 1142 3830 peritis,
1166 3745 1326 3832 quodnon

256 3849 516 3933 intellegebantur
536 3850 729 3934 graviterque
752 3868 803 3914 eos
826 3852 879 3914 aut
899 3851 1061 3916 insolentia
1082 3853 1319 3920 constructionis

258 3958 312 4026 aut
333 3955 419 4022 verbi
445 3957 582 4022 novitate
604 3954 816 4032 offendebant,
834 3945 986 4040 'conupta
1006 3957 1204 4036 videbantur,
1240 3979 1319 4043 prae-

257 4063 363 4126 sertim
386 4061 413 4124 si
435 4079 471 4126 ex
501 4061 667 4145 propinquo
697 4059 816 4142 species
844 4059 947 4143 aliqua
973 4060 1158 4146 probabilior
1178 4081 1319 4130 occurre-
