2952 4668
311 270 374 338 580
734 269 793 326 Lib.
812 270 860 326 IV.

268 463 478 556 ἐχειρώσατο,
500 464 562 542 τάς
583 462 613 536 δ’
633 466 737 542 ἄλλος
766 469 862 536 σίτου
888 466 1060 555 γεμοάοας
1089 469 1174 558 [ιιαίΙ
1199 467 1273 540 σιιά
1281 497 1335 562 φη

268 577 360 668 που]
381 572 500 661 τηριιιά
524 578 666 660 τέσσαρα
696 573 873 659 [νοτίδα]
906 572 1077 650 uomodo
1111 579 1146 645 δὲ
1173 575 1335 666 διάτορον

267 683 335 748 τῶν
354 677 533 751 ’ἰπατιιιιῡν
554 676 729 750 Ὁστίλιον
750 671 987 765 α’πειιροιίσαιό
1010 708 1041 748 ιι.
1063 709 1092 750 τ.
1114 686 1143 749 λ.
1182 763 1185 770 Ι

365 784 432 854 Ibd.
457 789 510 854 14:
539 783 590 856 Τά
611 791 645 858 δὲ
667 783 720 866 (τά
744 790 883 872 φρέατα)
906 781 1234 872 steinenbrunnen
1257 794 1336 876 ῥευ-

265 888 385 978 μάτων
420 896 584 978 καθαρῶν
620 886 906 960 ἐπισυνδιδόντων
925 889 1022 982 Ιοίλιιῇ
1065 898 1118 962 ιιαί
1150 897 1237 982 φορᾷ
1270 898 1333 964 τοῦ

269 1004 484 1086 θλιβομένου
517 996 604 1085 πράς
634 999 672 1066 τό
705 993 926 1100 κενούμενον.
977 1000 1093 1066 Senib:
1117 993 1335 1078 ἐπισυνδι-

268 1103 436 1184 δόντος,
464 1108 544 1192 quod
565 1109 604 1174 eb
626 1106 832 1194 praecedentia
851 1108 1006 1172 mutatum
1028 1109 1085 1174 est.

311 1279 316 1288 ,
366 1213 433 1279 lbd.
458 1215 519 1278 21:
555 1211 621 1280 Oia
646 1213 677 1280 δὲ
703 1213 841 1285 νεανίας
862 1215 1142 1295 ἐντεθραμμένος
1164 1214 1337 1288 πλείστοις

266 1310 475 1403 παιδεύμασι
516 1322 571 1389 ιιαί
604 1312 741 1406 μεγάλῳ
777 1319 879 1403 πατρί
912 1310 1065 1403 μεγάλης
1092 1311 1214 1405 α’ρετὴς
1243 1313 1336 1386 άπα-

266 1425 384 1500 δείξεις
407 1418 563 1508 ὀφείλων.
605 1425 718 1492 Serio:
741 1439 940 1511 χρηστοῖς
962 1418 1181 1510 παιδεύμασι.
1227 1427 1288 1506 (De
1308 1445 1336 1494 ο.

264 1530 306 1594 33
327 1528 445 1596 dietum
467 1533 515 1632 est
535 1547 565 1614 p.
587 1531 626 1594 67
643 1543 693 1604 n.)

362 1637 409 1700 De
438 1635 597 1724 Pelopidae
625 1657 650 1704 c.
676 1640 692 1700 l
717 1636 778 1702 dixi
806 1656 836 1719 p.
868 1639 919 1702 85.
968 1636 1036 1704 [bd-
1059 1657 1086 1702 u.
1108 1637 1146 1701 2:
1172 1637 1243 1704 Kal
1266 1630 1334 1723 γάρ

264 1744 346 1827 χειρί
369 1743 518 1826 χρῇσθαι
550 1736 786 1828 μαχιμώτατοι
820 1738 1000 1828 γενόμενοι
1030 1744 1085 1810 ιιαί
1114 1743 1335 1830 στρατηγίαις

264 1843 549 1933 ἐπιφανεστάταις
585 1842 818 1933 κοσμήσαντες
846 1841 1034 1934 άμφότεροι
1062 1843 1124 1922 τάς
1153 1849 1332 1934 πατρίδας.
1456 1889 1457 1920 r

264 1953 360 2018 Recte
393 1954 492 2028 mileu,
515 1953 627 2020 dicitur
660 1957 741 2040 χειρί
778 1954 945 2041 χρῆσθαι,
983 1955 1037 2022 sed
1069 1955 1151 2040 χειρί
1178 1955 1331 2042 χρῆσθαι

263 2052 413 2145 μα’γιμός
449 2065 520 2142 εἰμι
560 2059 703 2126 Graeourn
731 2081 791 2126 non
820 2062 894 2143 putu
920 2061 1178 2144 seribendumque
1211 2061 1333 2145 opinor:

264 2168 334 2232 Καί
357 2161 424 2252 γάρ
439 2159 674 2252 μαχιμώτατοι
691 2160 873 2254 γενόμενοι
886 2168 942 2232 ιιαί
959 2166 1176 2253 στρατηγίαις
1198 2191 1227 2234 ιι.
1244 2193 1274 2232 τ.
1291 2167 1332 2241 λ.,

264 2272 394 2337 sublatis
422 2273 542 2350 verbis,
564 2291 631 2356 ροσε
660 2273 691 2338 b.
718 2276 740 2340 l.
768 2274 897 2357 propriae
925 2273 970 2338 rei
998 2271 1200 2356 appellationi
1227 2272 1334 2338 addita

263 2379 335 2444 eunt
356 2397 392 2444 ex
414 2379 566 2462 superiore
587 2378 665 2456 loeo,
686 2381 739 2444 ubi
759 2382 864 2444 ornate
888 2379 1065 2444 dicebatur:
1090 2379 1155 2443 aab·
1167 2381 1252 2464 χειρὶ
1275 2379 1332 2444 καὶ

263 2477 393 2568 σώματι
422 2488 592 2572 χρηστέον.
636 2485 756 2550 Deinde
787 2485 983 2552 vehementer
1012 2483 1142 2550 offendit
1161 2484 1334 2568 genetivus,

263 2591 315 2672 qui
334 2590 499 2674 paliurus
527 2610 594 2657 esee
616 2590 724 2668 debet,
760 2595 807 2656 ε”τι
842 2591 875 2656 δὲ
900 2589 967 2654 τῶν
1001 2583 1205 2674 βαρυτάτων
1227 2583 1336 2656 α’ντα-

262 2698 445 2784 γονιοτών.
489 2697 595 2781 Neque
624 2697 707 2762 enim
736 2695 782 2762 sie
811 2697 990 2762 eommunis
1017 2695 1190 2778 aliquorum
1226 2690 1335 2764 duru-

261 2804 421 2890 γονιοταί
453 2803 609 2868 Hannibal
646 2805 678 2868 et
713 2801 940 2868 Lacedaemonii
972 2800 1106 2876 fuerunt,
1142 2803 1178 2867 ut
1209 2802 1336 2884 partitio

262 2909 511 2994 louum'habeat.
556 2909 712 2992 Seriptum
734 2907 849 2972 fuerat:
881 2909 948 2978 ἐπί
969 2932 1016 2970 τε
1039 2907 1108 2972 τών
1128 2900 1334 3002 βαρυτάτων

264 3011 356 3091 duo,
388 3016 424 3080 ut
456 3013 521 3094 uaep
554 3013 790 3097 adiungerentur
822 3005 973 3094 superiori
1007 3003 1337 3096 κοσμήσαντεςτιίς

263 3120 440 3205 πατρίδας,
463 3141 532 3182 oum
543 3119 674 3203 oppositi
692 3126 785 3180 essent
798 3117 987 3203 prpuieeimab
998 3118 1190 3194 aduersariis,
1206 3123 1335 3202 (γερου-

262 3227 350 3300 eber,
389 3229 425 3290 ut
462 3225 573 3291 dicitur
610 3226 665 3290 ἐπί
695 3217 896 3307 μαρτύρων,
933 3218 1102 3298 ιιοιταστάς
1138 3217 1336 3308 ἐπ’-αὐτῆς

263 3335 373 3398 Anien.
401 3350 428 3398 ο.
452 3332 531 3408 57).Δ
561 3332 659 3398 Penlo
679 3347 774 3412 supra
793 3325 1003 3394 in'Timotbei
1023 3331 1127 3396 verbis
1152 3329 1336 3396 mendosum

268 3439 316 3504 est
338 3431 382 3510 νίς
404 3438 489 3516 λίαν,
516 3437 569 3502 sed
591 3439 742 3532 surrigere
763 3435 888 3516 nequeo.

363 3542 430 3608 Ibd.
452 3543 486 3608 3:
516 3535 623 3618 αιίτιίς
652 3545 771 3626 μέντοι
801 3553 935 3626 μετεῖχε
963 3542 1024 3625 τῆς
1054 3542 1186 3606 ἐκείνου
1214 3539 1337 3612 πενίας

263 3649 411 3735 ἐσθῆτος
437 3643 578 3734 α’φελείᾳ
613 3650 668 3716 καί
706 3649 872 3730 τραπέζης
907 3636 1056 3730 λιτότητι
1090 3646 1145 3712 ιιαί
1174 3646 1219 3730 τῷ
1247 3640 1336 3730 πρδς

262 3749 342 3828 τοδς
364 3749 493 3829 πόνους
515 3751 625 3842 οίόιινρι
649 3756 703 3820 eal
729 3747 814 3818 κατά
838 3746 900 3824 τάς
923 3750 1100 3834 στρατείας
1122 3743 1233 3834 οίδόλῳ
1257 3753 1338 3817 ιιαλ-
1451 3807 1452 3822 ,

263 3855 503 3948 λωπιζόμενος.
564 3859 782 3928 scribendum:
826 3858 871 3943 τῷ
914 3853 997 3922 ιιατά
1049 3851 1112 3931 τάς
1158 3859 1336 3942 στρατείας

263 3960 286 4034 α’
293 3960 441 4053 δούλῳ,
468 3967 559 4050 quod,
601 3987 670 4032 oum
695 3965 861 4042 militaret,
889 3982 976 4030 serre
1005 3961 1147 4053 ministro
1181 3983 1241 4030 non
1265 3964 1335 4030 ute-

262 4074 353 4138 batur
380 4073 473 4156 (quod
499 4073 695 4138 coniunctum
729 4073 777 4136 est
803 4090 873 4136 eum
902 4069 946 4155 τῷ
975 4063 1059 4136 ιιατοί
1094 4063 1175 4144 τοιίς
1202 4066 1331 4144 πόνους
