2954 4664
284 219 344 282 184
717 221 776 278 Lib.
795 224 816 276 1.

240 419 381 484 omnibus
415 420 453 484 ad
476 412 776 506 δικαιολογήσομαι
805 399 937 500 (Timon.
960 421 1014 497 37)
1043 424 1075 486 ot·
1096 417 1300 510 διηγήσομαι

241 525 391 608 (Hermot.
414 527 487 608 80),
509 529 543 590 ut
564 525 700 600 videtur,
729 525 823 592 etium
846 527 886 592 ad
906 520 1172 612 α’ποιιληρούμιν
1199 527 1231 592 in
1254 527 1300 590 bis

195 714 197 717 ι
240 651 338 698 accus.
360 651 385 698 c.
411 633 461 710 14,
480 637 534 724 pro
556 651 614 715 quo
637 631 811 696 Diodorfius
833 623 1094 717 ἀποκληρῶμεν,
1117 635 1300 714 secutusque
1337 621 1340 630 ’

241 738 289 802 est
308 739 505 814 Jacobitzins,
533 739 652 820 opinor,
680 736 760 820 quod
780 739 938 818 praesontis
967 740 1071 804 tumen
1100 737 1300 804 indicativum

240 861 298 916 uon
309 842 436 922 ferebat,
451 845 484 910 et
494 845 534 910 od
546 843 830 931 παραγγελοῦμεν
840 863 895 926 pro
906 844 1191 932 παραγγείλωμιο
1202 842 1263 908 ibn.
1270 843 1300 918 4,

240 967 259 1012 o
278 949 431 1032 plerisque
455 950 494 1016 ad
516 943 949 1035 καταριθμήσομαιωσιίρ
982 953 1038 1026 26;
1066 949 1243 1016 Dindorfius
1266 967 1309 1012 ex·

237 1074 299 1120 uno
320 1057 402 1122 recte
425 1048 768 1142 καταριθμήσωμοι);
797 1055 933 1122 variatur
955 1075 1025 1122 oum
1048 1056 1163 1140 opertis
1185 1052 1301 1118 fraudis

239 1161 358 1228 indiciis
379 1163 411 1228 in
432 1163 480 1228 bis
500 1161 589 1227 locis:
612 1159 701 1226 Char.
715 1163 743 1241 7,,
765 1161 818 1226 ubi
839 1161 942 1244 plures
965 1164 997 1227 et
1018 1163 1160 1228 meliores
1179 1153 1301 1246 βούλει

241 1269 376 1349 ἔρωμαι,
399 1267 580 1333 Iacobitzius
602 1285 638 1332 ex
652 1285 720 1331 ,uno
749 1265 912 1352 ’ἐρήσομαι
942 1267 1086 1350 arripuit3
1116 1266 1188 1332 dial.
1218 1265 1300 1330 door.

241 1370 291 1447 20,
316 1371 364 1450 16,
391 1372 603 1456 ubiplorique
627 1371 748 1438 codices
777 1369 897 1458 βούλει
928 1365 1146 1456 ἐπομόσομαι
1176 1371 1301 1448 habent,

223 1461 376 1558 'optimus
399 1477 455 1556 (A)
484 1473 722 1562 ἐπομόσομαι,
750 1480 830 1562 quod
856 1480 921 1564 ipse
943 1479 1125 1546 Iacobitnius
1155 1477 1302 1551 restituit,

241 1601 311 1646 cnm
331 1582 467 1682 futurum
498 1587 695 1670 ἐπομούμοι
727 1587 821 1660 esset;
851 1585 962 1668 cntnpl.
985 1587 1019 1658 5,
1048 1584 1101 1648 ubi
1122 1583 1303 1648 lacobitzius

241 1688 394 1754 eduobus
417 1688 570 1756 codicibus
592 1682 869 1776 ἐμβιβασάμεθα,
891 1693 976 1756 recte
994 1687 1302 1775 ceterisub'aeficcoi-

241 1801 357 1877 μοθας
385 1794 484 1878 nuvig.
507 1799 536 1868 4,
557 1796 611 1860 ubi
631 1796 745 1864 editur:
779 1792 801 1881 ἢ
827 1800 957 1870 ἐθέλεις
980 1790 1041 1882 ἐγύ
1066 1787 1171 1868 αὖθις
1195 1789 1302 1860 trudu-

242 1927 314 1985 ειμι
335 1906 369 1974 ἐς
391 1896 428 1966 σύ
451 1902 586 1977 πλοῖον,
614 1902 669 1968 sod
696 1904 761 1970 cod.
784 1905 813 1968 A
836 1904 930 1968 habet
953 1898 1045 1968 ἐπολιι
1072 1907 1157 1986 ιίμϊ,
1187 1921 1223 1967 ox
1244 1921 1303 1985 quo

243 2007 376 2072 efficitur
399 2007 536 2074 ἐπανίοι.
587 2009 624 2073 In
646 2011 766 2094 cataplo
791 2012 810 2072 9
834 2009 1017 2076 Iocobitrius
1037 2003 1157 2076 sublato
1179 2010 1303 2092 propter

241 2113 375 2180 codicem
393 2115 422 2180 A
445 2119 475 2182 εἰ
497 2116 599 2181 effecit
619 2109 737 2200 βούλει
760 2108 947 2199 προσθήσω
972 2115 1079 2180 contro
1100 2115 1303 2189 sententiam

194 2233 200 2240 ·
241 2238 337 2303 neque
369 2221 452 2286 enim
484 2221 705 2305 Megepenthes
740 2221 902 2287 consilium
938 2221 1065 2287 Olothus
1105 2221 1221 2302 expetit
1258 2221 1304 2296 (et

242 2329 390 2410 repugnat
411 2326 506 2392 ctiam
527 2328 623 2392 oratio
650 2347 668 2392 u
695 2330 749 2394 καὶ
778 2328 960 2411 incipiens),
992 2327 1048 2394 sed
1080 2326 1239 2392 continuet
1272 2325 1306 2388 et

243 2432 336 2516 auget
356 2433 518 2515 promissa:
541 2434 596 2498 καὶ
612 2429 692 2506 σούς
715 2429 774 2500 δύο
792 2423 973 2519 κρατῆρας,
995 2438 1027 2500 οἰ
1048 2423 1181 2516 βούλει,
1199 2454 1305 2513 προς-

242 2531 350 2622 θήσω.
358 2539 382 2618 ¹)
415 2539 523 2621 Itaque
538 2531 655 2624 βούλει
669 2533 886 2627 διηγήσομαιρ
904 2541 942 2606 ,ut
965 2547 1049 2623 ἔφην
1072 2531 1303 2624 ιλιηγήσαοθοιι

241 2653 308 2728 pro·
332 2636 571 2730 διηγήσοοθαι,
607 2645 740 2713 librariis
771 2648 979 2733 relinquemus
1009 2647 1040 2710 et
1067 2643 1305 2710 leuauerun-

243 2750 385 2814 nantibus
413 2751 557 2842 notarum
590 2755 644 2817 aut
675 2753 807 2818 materie
834 2752 1009 2844 carentibus
1039 2741 1311 2836 progr-emmetmn.

244 2855 470 2937 scriptoribus„
511 2881 515 2892 ·
1241 2851 1247 2860 ’

300 3049 449 3104 Materiam
467 3049 564 3120 collegi
581 3065 634 3103 nou
653 3065 684 3102 ex
702 3049 826 3103 omnibus
845 3047 947 3102 libellis
965 3045 1114 3110 Lucienus,
1136 3045 1180 3100 sed
1201 3046 1255 3100 fere
1274 3063 1306 3100 er

313 3141 415 3198 duabus
433 3143 522 3196 tertiis
537 3141 667 3212 partibus
687 3158 719 3196 ex
737 3142 780 3206 iis,
800 3141 847 3212 qui
864 3141 983 3196 lectitari
1003 3141 1099 3203 solent,
1115 3135 1246 3193 omnibus
