2954 4664
616 281 676 336 utu.
696 285 716 334 1.
1030 345 1036 357 ¹
1095 283 1155 344 157

138 437 238 554 ἐστιν,
270 479 388 565 ppulo),
424 473 632 565 exemptisque
659 483 765 564 paucis
788 484 878 558 locis,
915 481 969 566 qui
990 485 1072 547 recto
1093 481 1199 564 scripti

21 643 23 660 ,
136 587 215 650 male
237 587 504 671 intellegerentur,
531 587 563 652 in
586 587 708 660 ceteris,
730 589 791 656 uisi
813 589 893 670 quod
913 589 946 652 iu
966 605 1027 653 unc
1049 588 1081 651 et
1102 587 1198 652 altere

136 691 217 756 eliud
249 693 362 758 lateret
385 693 546 768 mendum,
586 693 640 755 eut
670 692 807 758 futurum
840 693 999 757 leuissima
1028 693 1198 756 mutatione

135 799 306 876 (δέξεσθαι
328 817 383 880 pro
407 799 579 874 δέξασθαι,
603 791 760 880 ποιήσειν
781 817 836 879 pro
858 800 1011 882 ποιῆσαι)
1033 798 1199 862 rest'tuen·

135 904 207 968 dum
230 921 302 970 esse
328 897 383 969 a'ut
408 901 453 969 ών
480 921 542 968 non
567 902 671 967 minus
698 903 878 986 plerumque
906 904 970 968 leni
998 897 1119 988 (ἥκιστ’
1141 899 1193 977 ών,

134 1004 271 1093 μάλιστ’
294 1006 351 1092 oio)
376 1009 574 1086 ,addendum
609 1008 785 1090 multosque
821 1010 903 1074 locos
936 1009 1065 1074 aliorum
1092 1029 1199 1076 meere

136 1115 352 1182 emendatione
380 1115 497 1184 correxi
508 1114 543 1193 ¹).
596 1113 764 1196 Sperabam
787 1115 933 1180 effectum
955 1133 1037 1194 esso,
1068 1117 1198 1197 nequis

134 1223 224 1304 paulo
247 1221 427 1304 prudentior
448 1219 634 1302 peritiorque
656 1225 718 1303 ἔφη
742 1215 852 1304 (ᾤετο)
878 1221 1021 1304 ποιῆσαι
1043 1221 1199 1304 (ποιῆσαί

135 1333 233 1405 τινα),
256 1327 400 1391 utesset:
423 1326 622 1390 facturum
645 1343 683 1390 se
699 1325 895 1408 (aliquem)
913 1343 1008 1404 esse,
1031 1326 1197 1391 autetiam

137 1425 302 1497 κακώσε1ν
323 1433 376 1496 καὶ
394 1424 621 1517 χειρώσασθαι
638 1430 727 1494 edere
741 1431 878 1508 auderet,
899 1431 998 1496 tribus
1020 1434 1199 1515 quattuorve

136 1538 209 1604 locis
243 1537 396 1602 similibus
433 1536 596 1618 adscriptis
631 1537 809 1618 appositeve
842 1537 1018 1601 contortula
1053 1539 1085 1601 et
1116 1537 1200 1601 ineui

136 1643 342 1708 distinctione.
387 1639 449 1706 sou
469 1659 505 1706 ea
527 1641 705 1724 disputatio,
719 1642 862 1724 exposita
882 1643 914 1705 in
936 1643 1042 1706 libello
1067 1641 1198 1724 iniquis·

135 1748 211 1814 simo
234 1751 374 1831 tempore
407 1749 487 1812 inter
514 1748 587 1812 belli
615 1749 721 1812 turbas
750 1747 846 1820 edito,
883 1765 979 1811 unum
1000 1748 1035 1810 et
1065 1747 1197 1812 alterum

21 1875 22 1880 ¹
137 1855 303 1919 commovit
324 1855 380 1935 (H.
405 1853 572 1936 Sauppium
593 1853 625 1916 in
646 1853 784 1917 Platonis
805 1851 929 1935 Protag.
951 1872 982 1934 p.
1006 1853 1067 1913 316
1090 1851 1128 1926 t),
1162 1851 1199 1918 G.

21 2011 22 2016 1
137 1959 305 2043 Sauppium
327 1957 592 2041 in·Xenophcnte,
612 1958 774 2034 Steinium,
797 1959 832 2021 nt
853 1957 970 2038 opinor,
992 1958 1024 2021 in
1044 1957 1199 2021 Herodoto

138 2083 171 2129 ex
197 2065 302 2147 aliqua
328 2065 431 2146 parte,
462 2065 618 2128 Kochium
646 2065 678 2127 in
705 2063 922 2145 Aristophanis
950 2063 1030 2128 nub.'
1048 2083 1077 2126 v.
1100 2063 1140 2124 35
1170 2065 1202 2126 et

140 2173 247 2249 1141);
285 2171 422 2253 plerique
450 2169 628 2236 Graecorum
664 2169 847 2250 scriptorum
880 2170 1011 2234 editores
1045 2177 1114 2234 1111111
1147 2171 1201 2234 aut

139 2278 295 2362 ignorasse
321 2277 374 2340 aut
395 2276 566 2358 neglexisse
587 2275 744 2348 videntum
768 2293 840 2337 nam
864 2278 918 2338 eut
938 2277 1033 2340 tacite
1055 2279 1103 2351 (111
1118 2275 1199 2340 Belx-
1306 2287 1308 2289 ·

139 2384 226 2448 kerus
248 2383 281 2446 in
305 2382 448 2454 Homero,
471 2381 502 2444 111
517 2381 649 2446 Platone
659 2381 871 2457 Hermannus)
894 2383 948 2445 aut
968 2383 1105 2465 veterem
1127 2401 1200 2447 can-

140 2489 265 2564 tilenam
287 2487 461 2552 occinentes
488 2487 583 2569 (qnod
607 2487 739 2550 maxime
766 2487 798 2548 in
821 2486 980 2584 Krucgero
1002 2489 1110 2565 miror,
1141 2489 1201 2553 nisi

22 2607 23 2640 i
141 2592 349 2678 grammaticae
372 2611 434 2656 suae
456 2591 686 2668 auctoritatem,
716 2611 776 2673 qua
802 2589 897 2654 ceteri
918 2591 950 2654 in
972 2593 1029 2656 heo
1051 2611 1083 2657 re
1108 2596 1201 2658 utun·
1311 2683 1314 2696 Ι

140 2703 201 2778 tur,
231 2699 373 2764 deserere
400 2716 459 2762 non
486 2698 518 2760 in
540 2697 678 2761 animum
707 2696 839 2772 induxit)
867 2695 979 2760 menda
1010 2701 1063 2761 ont
1096 2701 1200 2764 omnia
1305 2697 1312 2706 ⁴

23 2803 24 2814 ’
141 2809 190 2870 aut
209 2806 358 2887 pleraque
375 2805 560 2879 -tenuemnt3
591 2794 725 2884 quidam,
756 2819 823 2864 mee
844 2799 949 2864 libello
969 2803 1024 2865 aut
1046 2805 1200 2884 appellato

141 2913 192 2975 aut
211 2909 396 2993 significato,
417 2925 453 2971 oe
474 2907 711 2989 adscripserunt,
733 2911 769 2972 111
786 2907 864 2970 nihil
884 2924 935 2970 eos
957 2907 1124 2972 attendisse
1147 2911 1201 2972 aut

139 3015 326 3082 intellexisse
348 3011 538 3095 appareaup
561 3014 613 3095 qui
626 3017 730 3078 autom
746 3014 793 3078 his
810 3013 956 3095 proximis
975 3012 1063 3077 annis
1079 3014 1200 3084 veriora

141 3157 344 3174 --—..-....---—¹

168 3243 189 3312 ¹)
207 3245 267 3300 Non
286 3261 383 3314 pancos
400 3247 471 3300 locos
483 3245 775 3313 notaveratDobraeus,
795 3247 852 3300 reri
865 3249 953 3312 tenax,
971 3245 1039 3300 elios
1050 3247 1198 3301 Schaeferus

207 3342 234 3394 et
252 3337 397 3400 Beklxerus,
417 3337 462 3391 sed
480 3338 685 3394 inconstantius.

171 3425 193 3496 ²)
210 3429 451 3486 Reuchensteinius
469 3430 502 3486 ad
520 3431 608 3500 Lysioe
627 3434 694 3486 oret,
713 3432 776 3495 XII,
796 3433 830 3487 19
848 3431 882 3484 ad
900 3430 1094 3486 defendendum
1113 3428 1199 3502 ᾤονιισ

208 3524 367 3596 κτήσασθαι
380 3540 428 3592 pro
442 3521 595 3595 κτήσεσθαι
607 3524 733 3590 positum,
753 3524 824 3592 quod
837 3539 886 3592 ego
899 3527 1061 3586 notaveram,
1080 3539 1123 3584 me
1140 3522 1199 3591 ipso

173 3677 177 3686 ,
209 3615 297 3670 utitur
316 3618 433 3678 auctore,
459 3614 506 3678 iis,
531 3633 589 3684 quae
609 3616 637 3670 in
657 3617 763 3688 syntaxi
782 3617 814 3686 dc
838 3617 913 3678 ἐλπίς
932 3618 959 3670 et
976 3615 1099 3686 cognatis
1116 3615 1199 3684 scrip·

210 3723 307 3768 seram,
340 3707 374 3760 ad
398 3703 476 3776 οἶμαι
495 3692 653 3772 translatis,
687 3709 801 3772 oblitus,
831 3724 910 3777 quam
938 3708 1084 3778 diligenter
1111 3708 1160 3762 illa
1175 3725 1201 3782 'a

211 3797 314 3852 dicendi
332 3797 498 3868 petendique
515 3799 603 3853 verbis
622 3803 811 3872 separavissem
832 3801 964 3869 (Bemerk.
980 3817 1007 3868 p.
1025 3802 1085 3865 43);
1105 3799 1201 3854 deinde

153 3955 157 3964 ι
211 3889 270 3958 1111
289 3893 331 3954 26,
350 3891 398 3945 ubi
417 3893 469 3946 οἴει
492 3893 590 3947 δοῦναι
610 3909 658 3962 pro
677 3893 775 3949 δώσειν
796 3893 933 3962 accipitur,
954 3893 1141 3946 correctionem
1156 3891 1200 3945 vix

213 3983 383 4039 necessariam
401 3999 465 4048 esse,
490 3985 624 4052 superiore
643 3985 697 4038 ille·
709 3987 804 4040 notula
823 3985 1033 4040 demonstratum
1051 3987 1144 4051 putat,
1170 3983 1199 4036 in

214 4071 288 4138 Xlll,
306 4077 339 4130 53
356 4078 440 4145 neget
457 4079 529 4130 ocrto
547 4076 684 4132 affirmari.
719 4077 789 4142 Quid
807 4078 836 4132 id
854 4077 888 4132 ad
910 4075 1037 4146 tempus?
