3000 4668
712 286 771 341 Lib.
790 288 844 343 111.

243 479 546 566 α’φυλσντοῦντας,
576 479 733 549 τούτων
756 487 847 569 πέρι
876 491 1086 574 παρέχοντας
1107 481 1172 556 οὖν
1195 484 1310 554 τοιού-

244 615 324 661 τους
346 588 489 663 domnia
511 597 605 662 οἴους
627 590 678 655 dal
701 615 739 654 ιιι
754 617 784 656 τ.
808 595 837 656 l.
847 593 871 669 ¹)

289 721 293 730 ’
349 697 416 762 lbd.
446 697 530 780 §⁴8:
565 692 644 770 οὓς,
678 704 759 780 ἔφη,
779 693 847 784 -a'yoi
871 696 1087 787 αἰσθάνομαι
1121 697 1310 787 α’ρξιῖμενος

222 832 223 840 ¹
245 796 315 867 σ’πό
335 802 406 866 τών
424 796 597 888 ἡμετέρων
625 805 732 886 φίλων
754 800 886 872 τούτων
905 801 1132 893 ἡγουμένους,
1155 809 1228 874 δεῖν
1248 805 1310 874 τόν

244 905 390 994 ἄρχοντα
412 904 700 998 τῶνσρχομένων
722 910 894 994 διαφέρειν
916 939 944 979 ιι.
958 916 1027 981 τ.λ.
1072 915 1104 980 Si
1121 915 1182 980 boo
1202 900 1309 981 verum

243 1017 334 1089 esset,
357 1013 439 1097 apud
460 1015 684 1081 Platonemde
706 1035 769 1098 rep.
782 1017 826 1081 VI
847 1037 876 1100 p.
889 1019 991 1084 4980
1013 1020 1183 1103 legeretur:
1207 1020 1306 1104 οἶμαι

242 1124 360 1203 μέντοι
383 1116 465 1193 τους
488 1116 638 1193 πολλοὺς
660 1171 668 1186 .
691 1169 728 1183 ..
757 1116 974 1199 α’ντιτείνειν,
1010 1119 1083 1191 οὐδ’
1115 1119 1309 1192 ὁπωστιοῦν

245 1236 489 1309 πεισομένους,
517 1223 587 1293 dno*
613 1223 845 1314 Θρασυμάχου
866 1223 1067 1314 α’ρξάμενος.
1119 1231 1179 1296 Sed
1201 1233 1310 1298 scribi-

242 1334 357 1398 turibi
377 1337 462 1398 reete
483 1327 707 1416 ἀρξομένους,
730 1331 867 1418 itemipue
888 1335 969 1417 epud
991 1335 1234 1402 Demosthenem
1256 1337 1308 1410 IX,

244 1442 283 1500 22
306 1459 379 1504 non:
404 1435 470 1524 ὁρῶ
493 1433 788 1526 σὐγκεχοιρηκότας
810 1436 968 1514 ἅπαντας
989 1433 1222 1526 α’νθρώπους,
1250 1437 1308 1526 εἶφ’

243 1539 342 1628 ὑμῶν
362 1539 568 1630 α’ρξᾶμενυς,
590 1545 646 1611 sed
671 1539 891 1630 σι’ρξαμένους.
934 1547 1018 1615 Nam
1040 1565 1110 1612 oum
1132 1547 1248 1630 aliquid
1270 1549 1308 1612 de

242 1651 380 1732 pluribus
400 1652 446 1716 ita
468 1651 597 1716 dicimus
620 1651 743 1728 Graece,
769 1655 806 1716 ut
827 1653 960 1736 aliquem
986 1673 1044 1718 non
1066 1673 1102 1718 ex
1123 1673 1158 1719 eo
1180 1673 1308 1720 numero

243 1757 429 1838 excipiamus
458 1757 513 1822 sed
539 1757 833 1839 comprehendamus
866 1761 898 1823 et
928 1760 1027 1842 primo
1058 1760 1126 1824 loeo
1159 1759 1308 1844 ponamus

243 1863 348 1939 (inde
371 1863 600 1946 abaliquo),
630 1882 692 1928 non
715 1863 753 1928 de
774 1865 862 1929 nobis
888 1865 1094 1932 iudicantibus
1122 1859 1306 1949 ἀρξάμενοι

243 1968 357 2032 dieitur
391 1975 440 2046 (-
466 1972 499 2034 et
519 1969 651 2034 debebat
671 1971 739 2034 tum
767 1989 834 2035 esse
864 1963 1049 2056 α’ρχόμενοι
1078 1976 1146 2049 -),
1183 1971 1238 2036 sod
1270 1971 1308 2036 do

242 2074 315 2151 illis,
344 2075 377 2138 in
409 2076 519 2157 quibus
552 2075 663 2158 aliquis
696 2078 885 2142 numeretur.
938 2077 1157 2159 Exemplorum
1189 2078 1307 2159 oopiam

242 2178 329 2244 dabit
350 2180 529 2246 Matthiaeus
559 2199 604 2264 gr.
628 2179 681 2245 Gr.
712 2180 729 2262 ᾗ
752 2179 812 2242 557
836 2184 878 2262 (p.
904 2182 985 2246 1298
1007 2183 1055 2246 ed.
1078 2183 1138 2259 Ill)
1169 2201 1314 2266 quosque

240 2285 293 2348 ille
321 2285 407 2362 oitat,
435 2285 548 2368 aliique
582 2284 704 2363 (Stallb.
733 2285 772 2349 ad
794 2287 875 2350 Plat.
903 2288 1021 2352 Theaet.
1053 2309 1082 2371 p.
1108 2289 1165 2349 171
1188 2289 1229 2361 B,
1267 2289 1307 2354 ad

241 2385 373 2474 sympps.
394 2411 424 2474 p.
443 2392 504 2454 173
515 2392 567 2468 D).
602 2392 711 2474 ltaque
735 2391 784 2455 bio
804 2411 924 2475 quoque
945 2394 1158 2458 scribendum:
1182 2389 1260 2466 οὓς.
1275 2440 1305 2459 ..

240 2492 469 2582 αἰσθάνομαι,
501 2491 601 2582 α’ρξσ
610 2500 762 2582 μένους
789 2489 859 2562 dud
883 2547 890 2564 .
914 2549 921 2564 .
946 2549 953 2566 .
975 2493 1123 2574 τουτων,
1154 2493 1306 2588 ἡγουμέ-

241 2627 331 2676 νους.
378 2604 466 2672 Idem
475 2603 624 2669 mendum
635 2621 672 2667 ex
682 2603 829 2668 Isocratis
851 2607 928 2672 orat.
951 2605 989 2670 de
1008 2623 1083 2688 paon
1097 2605 1158 2666 104
1179 2603 1307 2670 sustulit

238 2709 331 2775 oodex
352 2711 496 2788 Urbinas,
517 2703 726 2794 σι’ρξαμὲνους
746 2710 896 2791 praebens,
1197 2727 1215 2764 s

340 2817 407 2882 Ibd.
430 2817 448 2899 ξ
474 2818 492 2878 9
525 2820 557 2881 ot
579 2815 698 2880 oodiees
725 2814 796 2879 boni
828 2817 859 2880 et
880 2817 1034 2882 sententie
1058 2817 1150 2882 scribi
1181 2817 1302 2882 iubent:

239 2918 291 2985 ὅτι
314 2921 347 2986 δὲ
370 2922 506 2987 πολλῶν
527 2924 593 3004 μὲν
621 2922 684 2985 σοὶ
714 2913 836 3004 δεήσει,
859 2917 970 2988 πολλοὶ
994 2921 1029 2988 δὲ
1052 2924 1106 2988 καὶ
1128 2919 1215 2988 ἄλλα
1238 2923 1303 2988 νῦν
1356 2961 1361 2966 -

236 3021 369 3111 α’νιὶγιιη
393 3029 552 3094 δαπανᾶν
572 3033 716 3104 ἐκεῖνον,
739 3020 780 3093 οὐ
802 3021 1015 3114 νιγνώσιιειςς

336 3134 443 3217 lbd.§
472 3137 509 3196 11
532 3133 705 3198 tollendum
735 3137 784 3198 est
813 3135 946 3198 alterum
977 3141 1106 3220 ἔχοντα,
1133 3149 1242 3197 errore⁴
1265 3149 1301 3196 ex

236 3239 391 3321 superiore
420 3259 511 3306 versu
541 3243 612 3304 ante
648 3239 837 3324 πειρᾶσθαι
865 3239 1042 3320 repetitum,
1070 3242 1106 3304 nt
1135 3237 1300 3302 scribatur:

236 3353 353 3430 ἔχοντα
378 3338 538 3428 δύναμιν,
562 3334 583 3433 ᾖ
605 3353 674 3411 ἔστι
695 3351 761 3428 μὲν
783 3347 903 3429 φίλους
931 3337 971 3411 εὖ
1000 3345 1167 3410 ποιουντα
1189 3333 1300 3409 α’ντοι-

236 3454 427 3535 φιλεῖσθαι,
453 3451 522 3517 ἔστι
547 3452 581 3516 δὲ
602 3445 747 3537 ἐχθρούς
769 3453 957 3534 πειρᾶσθαι
979 3452 1155 3517 τίσασθαι.
1284 3457 1288 3462 ’

332 3557 399 3622 Lib.
429 3557 470 3630 ΙΙ,
494 3557 523 3634 1,
552 3559 570 3617 9
598 3557 803 3642 interroganti
830 3557 991 3642 Cyaxarae:
1045 3557 1087 3622 Τι’
1113 3551 1187 3641 μήν
1215 3551 1297 3618 ἄλλο

233 3664 351 3746 ἐνορᾷς
373 3659 519 3747 ἄμεινον
537 3656 680 3742 τούτους
703 3663 799 3747 Cyrus
822 3663 1000 3746 respondet:
1043 3655 1133 3748 'Epo'
1155 3665 1220 3746 μὲν
1242 3655 1297 3734 ιῖν,

233 3813 244 3818 -
251 3813 428 3822 mmm

262 3909 875 3984 ¹JCap.o‚1quodcorrexeram‚praecepn
905 3913 1044 3966 Klotzius:
1073 3907 1109 3975 ὡς
1138 3909 1228 3965 οὐδέν’
1261 3904 1296 3960 εἰν

302 4003 430 4059 λύσαντα.
468 4003 528 4058 Non
548 4006 640 4072 egitur
658 4003 690 4059 de
709 4003 953 4058 animadvertendis
971 4005 1092 4066 ostentis,
1114 4003 1161 4058 sed
1179 4001 1295 4056 oonfide-

301 4096 374 4161 bant,
394 4097 466 4166 quod
484 4109 561 4150 nemo
580 4105 616 4149 oa·
630 4097 708 4150 irrita
726 4097 847 4150 facturus
864 4101 940 4152 esset.
