3014 4666
627 265 686 320 Lib.
705 265 741 320 11.
773 259 774 262 ¹
1118 265 1176 328 257

259 463 325 528 lbd.
348 483 376 526 v.
399 464 471 536 888,
493 465 568 527 889:

209 569 287 636 ΚΛ.
311 573 444 655 οἴχομαι
468 562 610 640 τάλαινα
623 561 769 651 δάκρυόν
786 564 815 634 τ’
831 564 958 652 ὄμματ’
973 564 1083 638 οὐκέτι
1099 577 1216 659 στέγει.

209 677 286 742 ΠΡ.
310 680 405 758 εἴπερ
429 669 588 760 α’λγεινὸν
615 669 653 739 τό
682 677 808 740 τέκνων
837 681 1045 761 στερομένην
1073 677 1219 764 δακρυρ-

1027 835 1029 844 ,
1068 797 1170 866 poeto.

158 887 329 952 Sententia
352 887 503 952 satisfacit
527 906 583 952 nec
605 886 650 950 ita
671 885 762 971 longe
784 887 936 954 alitteris
958 887 1104 954 discedit:

207 987 253 1058 οὐ
275 986 538 1076 παραιτηαόν
560 987 597 1056 ad
621 995 747 1056 τέκνων
763 997 970 1078 στερομένην
987 995 1215 1079 δακρυρροοὶν.

259 1097 325 1164 lbd.
348 1097 409 1160 945
431 1095 652 1162 restituendum
674 1115 691 1160 e
713 1097 886 1163 codicibus:
991 1107 995 1120 ·

295 1198 357 1288 ἐγώ
379 1197 420 1267 ad
440 1203 548 1285 μηδὲν
571 1204 747 1274 Μενέλεως
768 1196 855 1268 ν”ἐν
876 1197 1054 1288 α’νδροῖαιν,
1151 1229 1154 1234 ·

156 1309 212 1374 ubi
248 1309 349 1374 editur
377 1301 417 1373 δ’.
474 1307 581 1390 Neque
613 1309 695 1374 enim
730 1310 789 1373 boc
816 1295 954 1376 Achilles
987 1309 1071 1388 dicit,
1104 1312 1218 1376 inverti

157 1415 284 1482 virtutis
301 1414 462 1489 iudicium,
484 1415 529 1490 ut,
548 1413 602 1496 qui
623 1414 758 1497 alioquin
779 1415 919 1498 ignauus,
941 1433 1019 1480 nunc
1040 1417 1086 1481 vir
1105 1415 1218 1482 habea-

156 1522 219 1598 tur,
249 1520 303 1584 sed
332 1539 366 1586 so
392 1518 526 1601 pessimo
561 1520 668 1602 cuique
699 1539 804 1602 parem
831 1539 915 1596 esse3
950 1539 986 1585 ee
1017 1522 1061 1586 sic
1093 1522 1217 1586 demum

155 1632 243 1691 recte
264 1627 459 1694 continuatur
480 1625 575 1690 oratic
597 1626 634 1690 do
646 1626 767 1690 Achille
780 1626 846 1708 ipso
856 1647 872 1688 r.
887 1620 931 1698 οἷς
954 1620 1025 1712 cripi
1039 1675 1046 1690 .
1059 1677 1066 1690 .
1079 1675 1085 1690 .
1098 1621 1215 1713 γεγώς.
1296 1669 1299 1678 1

158 1732 303 1796 Ceterum
320 1731 396 1798 adeo
414 1730 541 1794 offendit
552 1731 685 1796 Menelai
699 1750 810 1796 nomen
832 1732 1014 1815 simpliciter
1034 1752 1088 1814 pro
1110 1751 1217 1816 oppro-

158 1839 225 1903 brio
247 1841 278 1902 et
300 1855 370 1902 cum
393 1836 649 1919 contemptissimi
672 1836 804 1900 bominis
826 1837 1050 1920 significatione
1071 1839 1154 1920 posit
1209 1888 1215 1912 ‚

156 1945 194 2006 nt
215 1959 338 2023 prorsus
360 1941 437 2008 mibi
457 1961 638 2022 persuasum
656 1942 698 2006 sit
718 1942 844 2019 subesse
865 1962 974 2008 nornen
991 1945 1215 2026 ‚appellativum

156 2049 215 2112 hac
250 2046 395 2112 orationis
426 2047 536 2110 forma:
581 2042 643 2134 ἐγώ
678 2042 715 2112 ad
749 2047 857 2130 μηδὲν
890 2040 945 2132 (ἦν
979 2050 1083 2126 ἔλεος)
1116 2043 1144 2112 τ’
1181 2057 1217 2114 ἐν

158 2144 333 2236 α’νὸράσιν.
378 2151 438 2217 Sed
461 2152 562 2233 ipsum
584 2171 695 2218 nomen
718 2153 847 2229 (duabus
870 2153 995 2237 syllabis
1017 2155 1216 2232 efferendum)

156 2277 218 2322 non
240 2257 339 2342 magis
360 2260 471 2340 praesto
493 2277 585 2340 quam
607 2279 635 2324 v.
659 2259 718 2320 947
742 2258 987 2324 emendationem
1011 2260 1138 2342 reperio.

257 2363 324 2428 Ibd.
352 2363 428 2426 1177
452 2383 518 2446 sqq.
562 2363 598 2428 In
624 2364 672 2434 his
701 2365 838 2429 versibus
867 2365 1000 2446 primum
1022 2368 1106 2430 recte
1127 2385 1216 2449 sepa·

155 2468 253 2532 rande
279 2487 331 2544 ea,
366 2489 432 2551 quaa
454 2469 689 2566 Clytaemnestra
723 2487 756 2534 se
786 2469 869 2534 domi
896 2469 1056 2534 sedentem
1082 2489 1216 2554 conque·

155 2577 274 2638 staram
297 2573 387 2648 dicit,
404 2575 442 2640 ab
454 2576 590 2640 cretione
604 2575 718 2638 iterum
731 2574 769 2638 ad
781 2575 1044 2658 Agamemnonem
1058 2576 1213 2642 redeunte.

155 2681 216 2744 lile
236 2680 412 2764 θρηνῳδία
435 2681 540 2744 finitur
561 2700 590 2745 v.
616 2680 713 2742 1178:

292 2781 395 2859 ariade
417 2781 561 2860 κτανών,
585 2778 646 2850 οὐκ
669 2781 771 2855 ἄλλος
792 2778 865 2848 οὐδ’
888 2780 974 2870 ἄλλα]
995 2786 1075 2870 χερί.
1144 2809 1152 2818 ·

156 2955 353 2966 ρ--ψ

226 3056 451 3125 Agamemnonem
462 3053 598 3108 Menelaus
608 3051 676 3104 dicit
687 3053 796 3119 propter
808 3039 979 3104 nobilitatem
995 3053 1103 3121 generis
1121 3051 1214 3107 ducem

226 3150 358 3210 creatum3
378 3162 435 3200 earn
448 3162 475 3200 se
488 3159 623 3214 nunqnam
637 3141 749 3212 posthac
761 3143 943 3210 spectatarum
962 3143 991 3196 in
1010 3141 1075 3196 duce
1093 3144 1213 3208 creando,

226 3239 273 3292 sed
291 3237 469 3309 prudentiam.
508 3236 632 3292 Ceterum
659 3237 765 3304 μηδένα
793 3236 820 3286 et
848 3235 917 3302 μηδὲ
945 3237 1036 3287 votum
1064 3235 1214 3304 significare

225 3331 345 3397 videbun
368 3331 420 3399 ipsi
439 3330 497 3384 loco
515 3329 601 3382 multo
619 3329 708 3398 aptior
726 3331 769 3380 est
787 3327 920 3380 sententia
941 3327 1105 3395 potentialis,
1127 3331 1155 3382 et
1172 3331 1216 3383 est

226 3423 260 3480 ἄν
278 3425 306 3478 in
317 3405 452 3478 codicibus
471 3419 578 3491 (μηδέν’
593 3418 651 3484 ἄν).
681 3420 823 3486 Quaeritur,
841 3421 932 3472 utrum
951 3416 1041 3473 οὐδέν’
1056 3416 1214 3475 ἄν...οὐδέ

224 3515 394 3572 scribendum
417 3515 455 3568 sit
477 3531 511 3568 an
535 3512 686 3570 defensione
710 3528 741 3566 ea
763 3509 906 3576 utendum,
931 3519 990 3580 qua
1013 3510 1074 3564 duci
1094 3515 1214 3580 potesta

225 3626 249 3664 v.
269 3611 320 3664 977
340 3612 368 3664 et
386 3607 509 3678 Platonis
526 3603 650 3659 Phaedon.
671 3621 698 3674 p.
709 3607 760 3660 106
779 3604 803 3658 D
823 3607 905 3674 (synt.
926 3601 972 3656 Gr.
992 3601 1007 3666 ’ξ
1027 3607 1079 3660 900
1096 3608 1166 3668 οο1.)
1187 3609 1215 3658 et

225 3701 326 3772 Cratyl.
339 3717 365 3770 p.
379 3698 473 3761 4291),
493 3714 545 3751 non
561 3713 623 3750 sane
642 3695 803 3758 firmissima,
823 3695 893 3766 quod
912 3693 954 3748 illl
973 3693 1024 3749 loci
1042 3697 1143 3764 proprii
1162 3697 1213 3750 ali·

223 3794 289 3863 quid
307 3792 407 3848 babent
434 3792 463 3844 in
493 3789 530 3860 μή
557 3805 617 3842 cnm
646 3789 726 3842 verbo
745 3789 920 3852 coalescente,
951 3805 985 3841 an
1014 3789 1103 3840 votum
1131 3788 1212 3842 relin-

113 3917 118 3930 ι
223 3885 368 3956 quendum.
397 3883 461 3954 (Μή
479 3883 509 3936 iu
526 3880 697 3935 iureiurando
715 3880 786 3949 apud
809 3880 929 3934 futurum
949 3879 1026 3933 Hom.
1046 3879 1125 3934 Iliad.
1144 3880 1212 3945 (XV,

222 3981 255 4035 41
274 3981 313 4046 ot)
331 3977 365 4040 X,
384 3981 443 4040 330,
464 3974 545 4044 Sopb.
565 3974 609 4029 Αἰ.
628 3975 691 4034 572,
710 3972 847 4041 Aristopb.
866 3976 918 4037 (ar.
930 3972 1005 4038 195),
1024 3971 1115 4026 eccles.
1135 3975 1211 4035 1000,

222 4071 335 4143 Lysistr.
354 4072 406 4126 917
424 4068 558 4140 propriam
577 4065 643 4120 facit
661 4065 795 4134 speciem.)

200 4163 309 4200 Mebvmll
321 4164 398 4196 Amn
410 4163 460 4193 (ἶιιι.
983 4161 1011 4206 Π
