2954 4664
612 303 671 360 bib.
691 307 713 360 1.
1096 305 1153 367 155

135 509 262 590 τρέφει,
309 507 362 570 καὶ
405 507 613 590 περιέρχεται
653 499 805 587 πόλεμος
838 506 952 568 αἰτίαν
987 496 1048 568 οὐκ
1081 509 1195 588 ibere&

134 612 290 688 (Alterum
311 611 370 681 hoe
392 615 440 675 est
461 607 695 676 declamationis
716 611 839 674 thema:
863 616 895 675 oi
919 604 1113 694 κρινόμενοι
1140 611 1195 674 ἐπὶ

120 719 175 802 ‘spi
199 725 443 800 μισθοφορεῖν.
484 717 584 799 Vulgo
605 715 672 778 haec
693 735 763 778 oum
781 717 882 782 verbis
904 715 1102 798 sequentibus
1124 733 1196 779 con-

133 825 306 900 timentur,
338 823 426 904 quasi
454 823 556 886 omnia
577 841 613 886 ex
634 821 875 884 Demosthenica
895 821 951 886 illa
972 821 1195 886 declamatione

134 928 297 1010 desumpta
320 929 405 1005 sint.)

234 1035 321 1111 (LII)
346 1033 431 1097 Inter
452 1030 803 1116 fragmenta-Ciceronis
831 1029 981 1094 librorum
1007 1031 1195 1095 incertomm

133 1138 257 1220 ponitur
267 1138 324 1201 hoc
336 1157 352 1201 e
365 1137 465 1203 Nonio
477 1158 507 1220 p.
520 1137 580 1199 225
601 1133 692 1208 (Btit.
707 1135 849 1200 etHalm.
862 1136 906 1198 lV
917 1155 946 1217 p.
962 1136 1052 1212 1059,
1071 1137 1153 1200 Bait.
1166 1137 1198 1199 et

133 1245 228 1328 Kays.
251 1243 299 1307 Xl
321 1263 351 1326 p.
377 1245 462 1319 141);
495 1243 576 1306 Prae
597 1242 912 1324 negotiatoribus
938 1241 1088 1305 Aobae'is
1111 1261 1198 1324 syu-

134 1351 318 1434 graphas,
356 1368 447 1431 quas
479 1349 617 1412 nostre
648 1345 851 1410 voluntate
872 1345 1195 1427 conscripsimus.

133 1455 251 1521 Nonius
268 1455 455 1520 exoratione
477 1471 542 1536 pro
565 1451 1057 1535 negotiatoribusAchaeis
1079 1451 1198 1532 reliqua

134 1563 224 1626 verba
244 1561 401 1643 posuerat.

579 1755 664 1838 Cap.
695 1757 752 1820 lV.

134 1877 339 1932 Probabilitatis
356 1876 455 1930 critice
477 1875 506 1930 iu
525 1873 609 1928 rebus
628 1873 810 1942 grammaticis
832 1871 995 1926 estimanda
1016 1873 1090 1942 leges
1107 1873 1194 1942 expli-

277 1971 374 2022 cantur
392 1969 420 2022 et
435 1970 507 2021 certo
526 1967 706 2036 exemplomm
724 1981 820 2035 genere
838 1964 1046 2034 declarantem).

165 2095 172 2104 ’
228 2073 392 2154 Proprium
419 2059 571 2154 quoddam
608 2073 655 2136 est
692 2054 789 2153 genus
822 2069 1082 2149 emendationum,
1117 2091 1193 2155 quas

133 2177 352 2258 grammaticas
388 2177 540 2259 appellare
572 2176 659 2250 lieet,
694 2175 734 2240 ad
764 2174 987 2240 restituendam
1021 2176 1194 2261 legitimam

134 2283 276 2348 orationis
310 2283 496 2372 structuram
528 2275 649 2346 mendis
681 2281 823 2345 vitiatam
855 2282 1027 2362 pertinens,
1069 2283 1102 2346 in
1136 2304 1194 2366 quo

135 2388 316 2454 emendandi
330 2387 498 2452 necessitas
520 2387 690 2460 coniicitur,
714 2369 784 2452 cum
806 2387 991 2468 comparetis
1013 2389 1195 2464 rationibus,

134 2513 198 2575 quae
222 2513 260 2558 ex
282 2493 431 2558 sermonis
453 2511 511 2558 usu
533 2495 564 2556 et
586 2491 889 2556 constantiaducunt
927 2541 934 2567 ‚
957 2496 989 2557 et
1009 2494 1196 2560 testimoniis

133 2600 339 2681 exemplisque
371 2597 545 2679 ponderatis
576 2597 821 2669 demonstratur,
850 2617 912 2662 non
939 2599 1023 2668 credi
1045 2619 1150 2680 posse,
1178 2621 1197 2664 a

134 2705 290 2770 communi
320 2705 389 2787 lege
416 2703 462 2768 110
491 2704 666 2768 aberratum
702 2703 740 2766 ab
776 2702 852 2782 ipsis
886 2703 1084 2785 scriptoribus
1119 2723 1196 2781 esse,

132 2809 391 2892 quemadmodum
417 2807 449 2870 in
478 2806 634 2874 codicibus
657 2827 761 2872 eorum
785 2808 953 2872 aberretur.
1002 2810 1196 2874 101010011-

132 2917 227 2980 strato
257 2915 322 2978 fere
344 2931 405 2978 une
432 2914 475 2988 et,
489 2913 620 2996 simplex
647 2915 701 2980 aut
721 2915 803 2977 certe
826 2933 887 2978 non
909 2915 1070 2998 multiplex
1092 2916 1196 2980 osten-

131 3021 214 3086 ditur
234 3020 348 3086 mende
377 3037 413 3084 eu
442 3018 598 3082 communi
627 3017 748 3082 errandi
776 3019 1003 3100 opportunitate
1033 3021 1099 3084 orta
1128 3039 1196 3086 cor-

131 3126 253 3210 rigendi
273 3126 342 3200 via3
371 3124 529 3190 interdum
550 3125 656 3188 tamen
688 3123 842 3208 graviores
874 3127 905 3190 et
937 3143 972 3190 er
1000 3126 1069 3190 aliis
1095 3125 1197 3192 causis

132 3234 190 3298 orti
220 3249 337 3296 encres
365 3228 567 3314 grammatico
596 3228 670 3292 vitio
698 3231 930 3312 coarguuntur..
963 3231 1063 3296 Huius
1092 3249 1197 3296 emen-

132 3337 223 3402 dandi
244 3335 366 3420 generis
387 3337 492 3417 plures
513 3333 631 3415 species
645 3333 677 3398 in
688 3334 807 3398 Latinis
830 3337 1029 3418 scriptoribus
1051 3336 1195 3400 coniunc-

131 3445 186 3508 tim
208 3441 358 3517 tractavi3
380 3442 519 3506 hocloco
535 3438 670 3532 speciem
685 3439 820 3521 aliquam
836 3441 875 3506 ad
888 3441 1010 3506 Graecos
1033 3442 1196 3523 scriptores

130 3535 336 3630 pertinentem
363 3547 467 3628 placet
496 3545 640 3628 universe
665 3546 800 3618 tractare
827 3565 887 3610 non
916 3548 982 3610 tam
1004 3546 1195 3630 singulorum

149 3742 181 3812 ,¹)
201 3745 396 3802 Grammaticos
414 3746 575 3816 questiones
592 3745 637 3798 bic
656 3761 699 3799 eas
717 3745 788 3800 solas
806 3747 922 3814 attingo,
942 3761 1000 3816 qua
1020 3744 1197 3800 adorationis

200 3839 333 3892 struendae
352 3839 426 3906 leges
444 3839 583 3908 pertinent
602 3839 796 3908 (syntecticus).
828 3837 898 3890 Nem
918 3827 958 3890 dc'
970 3837 1037 3905 ipsis
1056 3837 1196 3891 verborum

199 3929 293 3983 formis
307 3934 334 3984 et
348 3911 574 3984 declinationibus
589 3929 665 3998 (quas
678 3929 802 3983 flexiones
815 3946 885 3982 nunc
900 3931 1008 3996 vocant)
1027 3932 1074 3983 aut
1087 3929 1195 3982 omnino

148 4015 150 4025 '
199 4021 280 4074 rectis
292 4025 339 4076 aut
352 4023 423 4092 apud
437 4005 568 4092 quemque
581 4021 737 4088 scriptorem
750 4022 893 4091 probandis
905 4019 1041 4090 querendi
1060 4021 1196 4076 cautiones

201 4115 324 4184 persequi
342 4133 358 4170 0
376 4129 434 4170 meo
453 4113 590 4183 proposito
608 4111 726 4168 alienum
743 4115 792 4167 est.
