3000 4668
665 303 724 357 Lib.
743 302 797 357 111.

639 521 722 616 Cap.
751 515 816 586 III.

688 675 777 730 Plato.

298 815 459 880 Platonem
482 813 545 898 legi
567 812 742 877 adolescens
770 811 963 894 perstudiose
989 809 1021 872 et
1045 807 1111 871 iam
1134 810 1201 872 tom
1229 808 1261 871 in

195 923 302 1004 legum
327 918 461 984 marimo
485 916 583 993 libris,
604 917 636 980 in
659 916 768 999 quibus
790 935 904 1002 magna
928 913 1109 980 oonieetarae
1130 913 1262 980 materia

196 1045 254 1090 neo
275 1025 410 1088 multum
432 1023 471 1086 ab
493 1022 562 1086 aliis
585 1021 729 1090 effaetum
752 1025 836 1095 erat,
867 1021 949 1086 haud
969 1019 1015 1084 ita
1035 1031 1261 1102 panea'emen·

196 1132 276 1197 dari.
313 1129 404 1194 Rodii
420 1127 459 1192 ad
474 1145 545 1191 eum
560 1127 736 1212 legandum,
758 1129 814 1193 sed
836 1127 975 1192 celeriter
997 1127 1029 1189 et
1049 1126 1086 1214 nt
1106 1125 1138 1188 in
1161 1123 1261 1188 dubiae

196 1218 355 1316 scripturae
386 1232 462 1297 loeis
489 1251 551 1298 non
578 1233 630 1298 din
661 1233 853 1312 insisterem,
884 1253 911 1298 a.
936 1231 1017 1294 1843
1042 1231 1258 1313 proximoque,

197 1340 317 1417 deinde,
354 1356 424 1402 oum
455 1341 527 1420 post
559 1357 587 1404 a.
619 1339 702 1404 1862
734 1339 893 1406 Platonica
913 1337 1075 1442 ‚quaedam
1103 1335 1259 1400 interdum

195 1445 369 1528 philologiae
391 1444 536 1510 studiosis
558 1445 604 1510 ad'
620 1463 653 1510 se
670 1443 853 1510 exercendos
867 1457 1077 1526 proponerem,
1100 1441 1261 1524 plerosque

196 1551 333 1638 dialogos
361 1551 512 1616 severiore
546 1552 578 1614 et
612 1550 776 1616 intentiore
809 1569 881 1614 eura
915 1549 987 1612 ante
1019 1565 1131 1629 pauoos
1164 1563 1259 1610 annos

194 1655 389 1738 pertractavi.
448 1655 548 1722 Omisi
576 1655 633 1720 hae
666 1655 798 1720 leotione
825 1653 1062 1729 Parmenidem,
1089 1651 1259 1735 Oratylum,

195 1761 364 1838 limaeam,
398 1761 503 1846 legum
535 1762 628 1826 libros
646 1761 732 1824 'inde
756 1779 775 1826 a
796 1761 915 1844 quinto,
949 1759 1001 1842 qni
1028 1757 1258 1823 norrenses

194 1867 392 1950 relegendum
414 1865 597 1945 invitabant,
618 1868 686 1931 tum
700 1883 809 1949 parvos
824 1865 973 1950 quosdam
992 1865 1024 1928 et
1044 1862 1259 1928 insertissImae

194 1975 274 2036 notae
296 1974 357 2038 (vel
379 1973 481 2043 notius
502 1972 694 2050 certissimae)
717 1971 864 2056 dialogos.
936 2019 940 2025 -

251 2097 253 2104 ⁴
295 2079 432 2144 Platonis
468 2077 603 2144 oodieeo¹
622 2079 714 2162 longe
754 2097 847 2162 snpra
867 2079 986 2142 eeteros
1008 2077 1194 2158 antianaaaa
1223 2076 1255 2138 ot

195 2183 375 2268 integritate
409 2185 545 2250 eminent
571 2184 647 2261 duo,
680 2184 728 2248 in'
746 2203 803 2248 sua
834 2184 962 2266 quisque
993 2183 1080 2265 parte
1112 2180 1259 2245 orationis

195 2290 415 2356 eonstituendae
449 2288 523 2365 dnx,
558 2271 736 2355 Oxoniensis
759 2288 966 2368 (Olarkidnus)
999 2287 1109 2354 saonli'
1128 2285 1201 2351 noni
1225 2287 1260 2349 et

193 2393 386 2473 Parisiensis,
411 2413 501 2478 quam
523 2394 680 2460 Bekkerns
701 2395 730 2458 A
751 2379 857 2460 littera
878 2395 1006 2471 notavit,
1029 2392 1125 2458 seculi
1146 2391 1259 2456 deotmi

193 2499 338 2579 Ineuntis,
358 2503 395 2566 de
418 2519 545 2585 qnorum
564 2501 723 2584 utriusque
746 2499 930 2565 anctoritate
951 2499 1034 2564 reete
1056 2498 1095 2563 ad
1107 2498 1153 2562 rei
1172 2515 1258 2562 surn-

192 2623 277 2670 mam
297 2605 335 2672 0.
357 2608 392 2673 F.
416 2608 613 2672 Hermannns
632 2606 756 2688 seripsit
778 2606 865 2688 prael.
886 2606 944 2670 vol.
967 2605 984 2668 I
1004 2603 1041 2687 p.
1054 2604 1108 2681 IV,
1130 2603 1190 2667 vol.
1213 2602 1258 2666 IV

191 2729 222 2794 p.
242 2709 299 2777 Ill.
332 2695 410 2778 vSed
430 2713 463 2778 hi
487 2712 621 2790 oodiees,
651 2712 762 2794 quibus
785 2711 1047 2794 comitesgenere
1068 2711 1100 2774 et
1119 2709 1257 2802 auetori-

191 2818 257 2882 tate
280 2817 410 2900 proximi
431 2817 640 2902 adiunguntur
661 2817 802 2882 Vaticani
827 2817 860 2884 Θ
872 2817 904 2880 et
924 2818 962 2892 A,
984 2815 1097 2879 Veneti
1120 2815 1159 2879 Il
1173 2815 1205 2878 et
1227 2809 1263 2885 Ξ

191 2907 225 2987 et
245 2923 298 2988 alii
320 2922 454 3005 qnidam,
476 2923 701 3006 utBynantinae
718 2923 820 2994 ,infimi
838 2920 986 3003 temporis
1008 2919 1256 3001 interpolationis

191 3029 329 3111 expertes
348 3027 528 3111 sepissime,
560 3027 614 3092 nbi
646 3026 789 3110 vulgares
822 3027 982 3104 aberrant,
1013 3026 1126 3109 partim
1149 3043 1256 3090 verum
1326 3034 1327 3038 ’

189 3134 293 3216 ipsum
316 3135 455 3217 praebent
478 3133 578 3205 (onius
607 3121 813 3215 reiterempla
833 3133 896 3197 iam
919 3151 1012 3216 snpra
1032 3131 1121 3214 posui
1140 3151 1171 3213 p.
1196 3129 1257 3192 100

191 3259 208 3304 e
232 3225 390 3305 rneaereto
413 3259 442 3322 p.
465 3239 524 3302 175
547 3239 580 3318 o,
605 3259 633 3322 p.
657 3239 696 3300 aa
722 3257 739 3301 o
762 3237 816 3302 ro.
841 3235 902 3302 vrr
923 3238 962 3328 oe
982 3257 1047 3322 rep.
1069 3258 1099 3320 p.
1123 3238 1183 3300 ore
1205 3237 1258 3315 nr

189 3345 304 3428 partim
331 3345 478 3409 mendum
507 3345 638 3428 simplex
665 3344 697 3408 et
726 3359 797 3407 vero
821 3343 1025 3426 propinquum
1060 3335 1107 3421 (nt
1135 3343 1196 3408 VII
1218 3343 1257 3406 de

185 3467 253 3533 rap.
273 3469 305 3532 p.
318 3449 379 3513 529
402 3449 435 3525 (l,
461 3469 552 3534 quern
573 3451 675 3514 looum
696 3469 725 3533 p.
752 3450 788 3509 17
809 3448 992 3527 emendavi),
1012 3448 1059 3512 ita
1078 3447 1255 3526 ostendunt,

188 3661 344 3744 permulta
373 3659 541 3744 perspicuae
578 3659 704 3746 originis
733 3661 901 3744 pervagata
928 3679 984 3744 per
1005 3678 1113 3726 omnes
1135 3659 1256 3726 codices

188 3763 283 3858 irrisae
308 3765 415 3844 (velut,
436 3765 473 3864 nt
496 3764 640 3830 omittam
665 3783 859 3842 communem
881 3743 1060 3831 Oxoniensis
1083 3765 1115 3830 et
1136 3767 1255 3830 oetero-

188 3888 262 3936 rum
279 3871 420 3936 laoaoam
441 3871 473 3936 In
495 3870 611 3936 roeaea
632 3891 663 3954 p.
687 3873 747 3936 156
770 3872 808 3948 D,
830 3870 906 3936 illud
928 3872 960 3936 in
982 3871 1059 3936 VIII
1081 3870 1118 3938 de
1138 3889 1200 3955 rep.
1223 3891 1252 3954 p.

189 3975 300 4040 5681)
325 3969 552 4060 dnodopr'voo
572 3995 628 4059 pro
651 3969 891 4061 ἀπολομένων,
918 3977 1000 4062 qued
1020 3998 1049 4061 p.
1072 3978 1109 4040 17
1130 3978 1256 4054 sustuli,

188 4082 243 4146 ant
270 4082 303 4146 in
324 4081 456 4148 Menona
476 4101 507 4165 p.
523 4084 562 4144 81
588 4075 708 4148 Εοῖλλ’
730 4075 847 4157 ἅπλῶς
866 4103 921 4168 pro
942 4077 1029 4150 e’llr?
1053 4083 1126 4155 noir
1147 4086 1201 4148 ant
1220 4083 1253 4148 in
1300 4166 1302 4170 ι
