2944 4660
317 291 357 356 38
753 293 811 352 Lib.
832 295 853 350 l.

269 493 355 560 verbi
375 493 471 564 medii
492 511 567 560 usus
590 487 823 580 κατελάβοντο
835 493 871 578 ¹).
916 496 964 560 Ne
988 495 1067 562 illud
1088 496 1228 579 quidem,
1257 499 1337 579 quod

270 598 351 680 apud
384 599 545 666 Platonem
565 602 598 664 in
627 600 758 666 Politice
790 619 820 684 p.
853 602 914 662 309
946 602 973 666 Β
1002 601 1146 666 scribitur
1177 595 1335 686 upoooo'dca

270 698 465 788 διανήματι,
487 706 635 771 vocabulo
656 707 690 769 et
711 699 857 772 inusitato
879 708 983 789 (nemo
1007 709 1089 772 enim
1105 726 1161 773 nec
1184 700 1335 793 ‹ludoppo

268 831 325 878 nec
348 810 530 896 ὃτανήθειν
552 811 638 888 dixit,
661 829 721 876 non
743 813 844 895 magis
866 832 958 895 quum
977 813 1087 878 Latine
1107 815 1282 895 perpere)
1306 819 1337 880 et

268 919 373 1002 inepto
390 919 435 985 -ad
455 937 522 984 rem
548 918 663 1004 (agitur
685 918 768 982 enim
789 919 972 1002 simpliciter
992 919 1030 982 de
1051 918 1135 1001 filo),
1161 920 1257 985 aliem
1279 921 1336 986 ha-

268 1025 339 1090 buit
357 1023 525 1108 originem
551 1024 605 1090 dcc
629 1023 713 1089 enim
731 1043 767 1088 ex
783 1024 832 1089 der
850 1026 958 1088 natum
978 1026 1035 1090 est.
1081 1025 1107 1087 ll
1124 1025 1243 1092 Latinis
1255 1027 1336 1108 apud

269 1129 447 1198 ciceronem
469 1131 501 1194 in
524 1129 662 1194 oratione
684 1129 716 1193 ΙΙ
738 1129 777 1194 de
798 1130 858 1214 leg.
877 1144 941 1213 egr.
954 1130 1005 1206 33,
1028 1131 1337 1214 cum'nhipsoscrip-

267 1239 334 1301 tum
347 1237 444 1301 esset:
466 1235 632 1302 infinita
653 1237 831 1317 potestas
848 1235 1149 1315 innumerabilis
1166 1238 1335 1317 pecuniae

269 1341 521 1408 conficiendae
553 1342 698 1408 vestris
735 1341 1002 1424 vectigalibus
1038 1361 1110 1405 non
1141 1339 1336 1418 fruendis,

268 1447 336 1512 sed
363 1447 593 1523 alienandis,
612 1447 980 1530 gemmeticensium
1012 1448 1061 1512 est
1089 1445 1335 1512 conficiendae

149 1627 150 1632 ἵ
268 1554 311 1618 de
327 1553 414 1634 (nam
425 1571 507 1635 saepe
523 1551 768 1618 conficiendo
789 1552 1010 1636 scribebatur);
1034 1553 1163 1634 pecunia
1178 1553 1336 1618 conficitur

266 1658 401 1726 fruendis
435 1657 655 1742 uectigalibus,
690 1675 749 1725 non
785 1659 823 1722 de
855 1658 1001 1724 fruendis.
1050 1657 1143 1740 Apud
1175 1657 1336 1724 Valerium

266 1765 349 1831 Max.
376 1763 437 1840 IV,
458 1763 488 1840 6,
519 1765 533 1823 l
561 1763 676 1828 editur:
721 1763 774 1827 Ti.
799 1763 996 1830 Gracchus
1019 1763 1210 1847 anguibus
1234 1764 1336 1828 domi

268 1889 340 1935 enee
370 1887 470 1934 mare
500 1869 704 1933 ec'iemina
725 1867 998 1950 adprehensis,
1032 1868 1143 1934 vitioso
1172 1870 1334 1952 participio

267 1976 444 2058 (-seltem
467 1974 753 2057 comprehensis
777 1973 940 2038 dicendum
962 1977 1029 2038 erat
1050 1975 1119 2058 -);
1154 1974 1208 2038 sed
1229 1974 1262 2038 id
1284 1993 1336 2039 or-

265 2083 399 2146 tnmest
416 2099 452 2145 cx
468 2079 722 2162 deprehensis
734 2080 846 2157 littera
863 2097 891 2156 a,
907 2099 974 2161 quea
989 2079 1145 2161 praecedit,
1166 2080 1335 2162 geminata,

265 2188 333 2252 tum
362 2205 400 2252 ex
429 2185 707 2268 adeprehensis
739 2185 859 2249 subluto
886 2184 947 2266 οἳ).
997 2185 1034 2248 In
1063 2185 1236 2268 fragmento
1264 2203 1334 2250 ora-

265 2291 359 2357 tionis
381 2291 533 2372 Scipionis
554 2290 692 2356 Africani
715 2290 795 2374 apud
819 2290 955 2358 Gellium
977 2291 1021 2355 VI
1033 2290 1131 2374 (Vll),
1156 2290 1205 2368 11,
1229 2289 1258 2369 9,
1281 2291 1336 2356 ubi

266 2397 475 2462 adversarium
496 2397 584 2462 iubet
604 2397 689 2462 uitia·
702 2397 822 2462 obiecta
844 2395 1009 2481 sponsione
1031 2395 1196 2461 defendere
1207 2399 1239 2460 et
1254 2396 1336 2462 laisa
1453 2397 1457 2404 '

266 2519 333 2566 esse
359 2502 552 2580 convincere,
575 2503 620 2566 sic
640 2503 802 2568 scribiturr·
843 2501 873 2564 N
881 2521 925 2567 on
946 2501 1003 2566 vis
1027 2502 1242 2585 nequitiam
1264 2501 1334 2584 (de-

264 2607 712 2691 fendere);ngo,malitiem
726 2608 867 2672 saltem
879 2606 1072 2672 defendes.
1084 2605 1134 2672 'Si
1150 2608 1189 2672 tu
1203 2608 1335 2674 vorbis

266 2713 462 2795 conceptis
481 2715 540 2778 cet.
585 2714 627 2778 nt
644 2713 746 2796 perse
766 2733 859 2796 preve
880 2716 912 2778 in
930 2712 1107 2778 huiusmodi
1117 2703 1333 2795 provocatione

263 2817 401 2882 futurum
431 2820 555 2902 ponitur
583 2822 616 2883 et
641 2823 766 2902 propter
792 2839 879 2913 age,
911 2819 1032 2884 sublato
1054 2819 1153 2883 altero
1175 2835 1191 2883 s
1212 2820 1333 2882 rectum

265 2924 337 2988 erit:
373 2943 452 3008 age,
474 2925 666 2990 malitiam
689 2925 828 2992 saltem
852 2923 1025 2989 deiende.
1047 2991 1049 2996 ,
1068 2923 1161 3006 Apud
1183 2922 1333 2988 Senecam

262 3105 387 3114 »nn--..m
405 3111 410 3114 .

283 3238 306 3305 ¹)
334 3237 434 3296 Contra
448 3241 519 3310 apud
529 3241 705 3302 Plutarchum
715 3243 745 3296 in
763 3242 821 3296 vita
834 3241 972 3297 Ciceronis
986 3259 1007 3296 o.
1018 3241 1129 3306 esemel
1141 3241 1248 3310 scripto,
1259 3245 1333 3312 quod

327 3332 524 3400 ¹geminandum
551 3337 622 3398 eret,
651 3355 683 3390 ro
705 3338 801 3406 nutum
829 3338 871 3390 est
892 3335 1012 3390 uotiuum
1041 3334 1152 3390 verbum
1169 3350 1222 3392 non
1240 3336 1331 3392 minus

331 3424 461 3480 vinosum
488 3442 537 3498 pro
565 3427 665 3483 medio:
704 3425 796 3508 oeicrrep
816 3424 936 3498 ὄργανον
956 3425 1070 3498 ἐξήρτυε
1090 3429 1150 3494 (scr.
1170 3426 1329 3500 ἐξηρτύετο)

331 3515 548 3588 τὸν“ῥητορικὸν
566 3519 655 3590 λόγον.
693 3517 764 3574 Nam
781 3519 814 3574 dc
823 3520 1012 3583 instrumento,
1029 3535 1081 3588 quo
1094 3520 1155 3588 quis
1164 3521 1329 3590 accingetur,

332 3611 440 3665 tantum
459 3605 725 3680 leoprdeoduc'dici,
746 3613 878 3677 ostendit,
896 3613 919 3667 si
936 3629 1003 3681 opus
1022 3615 1071 3676 est,
1091 3613 1149 3682 ipse
1168 3611 1329 3669 Plutarchus

329 3701 404 3757 Brut.
425 3720 444 3757 c.
466 3707 508 3768 28,
528 3705 624 3784 Porioi
643 3721 664 3763 c.
683 3709 708 3769 8,
728 3705 761 3760 dc
779 3705 881 3761 sollert.
900 3705 982 3764 anim.
1000 3707 1042 3768 19,
1061 3709 1088 3762 8.

277 3804 304 3874 ²)
331 3805 432 3862 Contra
453 3807 525 3875 apud
549 3807 676 3863 Senecam
698 3808 752 3865 Rh.
776 3827 803 3880 p.
823 3812 858 3866 95
877 3811 933 3880 (80)
953 3809 1063 3864 acutula
1080 3811 1214 3865 sententia
1231 3826 1245 3862 e
1263 3825 1327 3865 oon-

306 3955 308 3964 ,
330 3899 423 3958 trariis
450 3899 592 3958 membris:
631 3899 796 3956 Demneta
826 3901 961 3956 deiectu
984 3904 1038 3958 est
1063 3903 1177 3970 (inceste
1194 3901 1227 3956 de
1245 3906 1329 3968 saxo),

330 3991 489 4048 absoluta
512 3991 694 4048 adscendit
717 3996 842 4063 corrupta
865 3997 906 4048 est
929 3995 1012 4048 semel
1035 3995 1135 4064 scripto
1158 4009 1184 4060 a,
1202 3996 1261 4048 tum
1279 3993 1331 4048 ad-

329 4081 386 4137 dito
405 4096 429 4148 e,
448 4085 480 4137 ut
497 4087 567 4140 esset
585 4084 772 4142 descendit.
