2944 4660
583 213 655 318 uu
674 263 697 318 1.
1091 261 1136 324 ee.

117 458 168 523 nisi
184 457 270 541 quod
293 460 324 524 01
347 459 450 540 ipsum
465 457 579 524 iustam
598 459 711 524 habeat
729 458 761 522 in
783 458 1022 538 sententiaaut
1040 459 1174 524 oratione

117 564 311 634 offensionem
337 563 487 630 et·cuius
521 565 651 630 addendi
679 582 772 630 causa
798 563 964 650 probabilis
990 564 1027 628 ,01
1053 583 1071 628 0
1097 564 1174 628 scri-

117 669 220 743 barum
248 668 449 750 simplicitate
475 688 549 734 non·
569 671 733 736 abhorrens
765 669 885 734 ostendi
915 667 1016 750 possit
1043 669 1176 751 ct'quod

117 773 238 838 consilio
247 765 426 838 addentiun'r
441 774 541 857 aliquo
556 775 645 840 modo
654 773 838 856 respondere
852 773 1059 858 intellegatur.
1072 774 1175 856 Atque

117 879 198 960 idem¹
214 875 410 942 iudicandum
432 881 480 944 cst
496 879 533 944 de
552 880 718 946 maioribus
734 878 797 942 illis
808 879 943 944 totarum
955 880 1176 956 sententiarum

117 988 145 1049 01
155 983 351 1066 periodorum
366 966 421 1047 ant
431 983 601 1066 longiorum
615 985 710 1050 etiam
720 984 855 1048 locorum
866 983 1094 1056 additamentis,
1109 1003 1175 1065 quae

118 1110 150 1154 er
161 1089 407 1154 annotationibus
422 1089 555 1172 margini
567 1088 730 1170 adscriptis
745 1091 811 1154 orta
821 1087 975 1152 interdum
987 1090 1068 1165 sunt,
1080 1088 1175 1168 iptor-

118 1195 186 1259 dum
212 1195 325 1258 iniuria
341 1193 505 1277 linguntur.
527 1193 609 1258 Nam
626 1196 658 1258 et
675 1195 707 1258 in
724 1192 877 1258 codicibus
894 1193 1076 1274 quibusdam
1094 1196 1176 1259 anti-

118 1302 191 1383 quis,
203 1299 324 1364 Latinis
343 1300 448 1362 tamen
469 1299 569 1382 magis
591 1317 683 1381 quam
697 1299 826 1374 'Gracia
850 1298 1031 1380 scriptorum
1052 1299 1176 1364 histori-

119 1425 218 1470 corum
232 1405 412 1488 inmergine
420 1405 553 1470 breviter
563 1405 744 1487 argumenta
756 1405 788 1468 01
796 1421 972 1486 progressus
988 1404 1173 1470 narrationis

120 1512 345 1576 annotabantur
361 1513 464 1592 eaque
479 1510 691 1574 annotationes
713 1511 823 1592 postea
834 1528 852 1572 a
864 1507 972 1574 scribis
988 1527 1086 1572 errore
1103 1527 1177 1574 cou-

120 1618 206 1681 textae
238 1616 368 1682 orationi
408 1616 532 1680 insertae
566 1616 652 1692 sunt,
686 1615 722 1678 de
749 1631 807 1695 quc
833 1632 946 1698 genere
971 1614 1003 1678 in
1036 1616 1176 1680 emendd.

120 1719 180 1784 liv.
205 1741 235 1803 p.
253 1721 293 1782 21
312 1739 378 1802 sqq.
401 1721 467 1798 (cfr.
485 1720 614 1786 addend.
627 1720 707 1804 adp.
720 1720 792 1796 528)
814 1719 876 1782 diri
899 1720 1179 1796 1-00011011011

121 1826 271 1890 codicibus
299 1825 418 1908 aliquot
447 1826 473 1890 is
502 1844 583 1890 error
603 1826 747 1908 frequens
770 1826 818 1889 001
841 1829 906 1902 —),
941 1827 974 1889 et
993 1825 1025 1888 in
1048 1827 1179 1892 aliorum
1288 1863 1295 1888 .

123 1931 257 1996 codicum
279 1930 469 2014 marginibus
492 1931 647 1994 interdum
669 1930 784 1996 scholia
805 1929 845 1994 ad
861 1930 1029 1996 sententias
1046 1932 1179 1998 breviter

123 2035 419 2118 comprehendendas
448 2037 479 2100 et
499 2035 694 2118 explicandas
723 2037 755 2100 01
780 2035 819 2100 01
834 2054 882 2122 ros
909 2036 1107 2102 declarandas
1123 2040 1178 2104 ad·

123 2141 230 2222 scripta
240 2142 347 2222 postea
360 2142 392 2206 in
407 2143 583 2206 contextum
597 2143 720 2224 recepta
734 2143 814 2218 sunt,
827 2141 912 2206 ouius
923 2143 969 2206 rei
980 2161 1016 2206 ex
1028 2142 1178 2209 Ciceronis

122 2246 300 2312 orationibus
324 2247 399 2312 olim
420 2247 479 2312 duo
501 2247 641 2327 exempla
669 2247 879 2312 memorabilia
907 2248 939 2310 in
968 2265 1071 2328 opusc.
1092 2250 1179 2316 acad.

120 2351 136 2413 l
159 2372 188 2434 p.
218 2353 279 2414 148
307 2353 410 2434 posui,
435 2353 495 2418 alia
522 2351 663 2416 inlibris
692 2351 729 2416 dc
754 2351 866 2418 finibus
887 2353 928 2430 ΙΙ,
953 2353 1011 2416 108
1042 2349 1180 2438 0110001

122 2456 203 2534 alios)
232 2459 271 2536 V,
302 2440 341 2520 2'1
372 2457 491 2536 notavi,
524 2458 556 2520 in
583 2457 661 2522 libro
689 2458 793 2520 autem
820 2456 895 2520 lde
922 2458 971 2522 off.
1000 2460 1181 2541 36primus

121 2562 255 2629 scholion
286 2561 465 2626 histofimm
486 2561 683 2643 deprehendi,
704 2561 805 2652 simile
828 2561 903 2639 eius,
926 2564 1007 2644 quod
1030 2566 1093 2644 ΙΙΙ,
1119 2567 1179 2628 114
1272 2646 1289 2654 ἱ

120 2666 291 2750 Heusinger
326 2665 575 2748 deprehenderat.
605 2663 607 2668 ’
636 2665 697 2730 Sed
732 2666 871 2748 quidam,
904 2685 975 2730 cum
1006 2668 1181 2734 inciderunt

120 2770 149 2834 in
162 2761 260 2837 ¹locos
288 2773 343 2836 aut
370 2771 524 2836 sententia
550 2772 582 2836 01
603 2791 673 2836 cum
694 2771 819 2854 reliquis
841 2790 921 2834 nexu
942 2772 1085 2838 obscuros
1107 2775 1180 2851 (for-

119 2879 199 2944 tasse
223 2879 328 2960 aliqua
347 2877 444 2959 ipsius
466 2878 621 2960 scriptoris
644 2878 743 2959 culpa,
767 2879 803 2960 qt
827 2877 859 2940 iu
876 2875 1031 2947 Ciceronis
1053 2878 1090 2942 do
1111 2880 1180 2960 phi-

118 2982 256 3067 losophia
276 2983 364 3048 libris
385 2981 476 3046 facile
498 2982 715 3064 credipotest)
738 2983 791 3046 aut
812 2981 907 3046 etiam
930 2981 990 3046 alio
1008 2983 1118 3048 mendo
1132 2985 1180 3049 la-

119 3087 260 3154 borantes
283 3090 381 3168 (velut
408 3087 668 3168 transpositione),
691 3086 774 3152 facili
797 3106 830 3152 se
852 3086 989 3158 remedio
1015 3087 1180 3170 expediunt

119 3196 347 3264 annotationem
377 3193 579 3277 marginalem
606 3192 639 3256 in
661 3191 832 3282 orationem
853 3193 974 3256 illatam
994 3191 1189 3274 incusantes,¹

119 3319 213 3382 neque
237 3301 387 3384 quaerunt,
409 3297 518 3380 quibus
538 3296 672 3362 librariis
695 3300 726 3361 01
748 3317 805 3380 quo
827 3300 966 3378 tempore
989 3302 1021 3360 in
1043 3300 1181 3364 mentem

119 3406 220 3470 venire
243 3404 381 3488 potuerit
401 3401 575 3468 huiusmodi
594 3402 805 3468 annotationes
828 3403 977 3493 derebus
1003 3404 1180 3469 sententiis-

120 3528 175 3590 que
206 3529 225 3574 a
253 3511 480 3592 scriptoressnon
501 3507 683 3592 significatis
706 3507 817 3572 addere
840 3508 894 3572 aut
914 3507 995 3570 unde
1018 3509 1181 3576 materiam

121 3615 309 3696 sumpserint
336 3615 390 3680 aut
418 3633 477 3696 quc
506 3631 556 3676 eos
577 3613 738 3695 probabile
760 3613 811 3690 011,
842 3613 869 3678 01
898 3613 959 3676 tale
987 3613 1060 3695 quid
1082 3616 1183 3680 conati

122 3721 239 3798 000001,
273 3720 420 3784 orationis
451 3737 561 3802 genere
594 3722 625 3782 01
658 3719 766 3803 quibus
791 3717 899 3782 'verbis
933 3737 1051 3788 usuros,
1076 3719 1182 3786 firissc.

121 3821 399 3908 Verum'quoniam
419 3824 506 3888 nobis
527 3824 592 3888 1010
612 3824 670 3888 hoc
696 3824 796 3905 capite
817 3824 1001 3886 nostrarum
1014 3823 1183 3886 sententia·

121 3947 189 3993 rum
215 3930 377 4012 explicatio
403 3929 557 4012 proposita
579 3931 644 4007 001,
678 3949 740 3993 000
769 3929 940 4000 alienorum
968 3943 1102 3992 errorum
1133 3947 1183 3990 re-

123 4033 246 4112 futatio,
278 4035 311 4098 et
338 4035 479 4117 quoniam
504 4031 630 4098 refutari
669 4033 693 4098 ii
722 4033 901 4118 singulatim
945 4032 1010 4096 sinc
1046 4033 1183 4115 longiore

168 4141 262 4176 movit
263 4139 430 4174 nnnnnnnnnnnnn
936 4169 949 4212 ⁵
