2944 4660
311 285 332 346 4
718 287 889 346 Prooeminrn.

268 483 444 549 Aristotelis
472 487 613 568 quedam
635 485 732 550 adieci
761 490 792 552 et
815 505 852 550 cx
871 485 1085 550 Alexandrinis
1111 485 1335 552 Callimachum

267 592 299 654 et
330 591 530 672 Apollonium
574 592 728 657 Rhodium
767 593 800 656 et
837 589 1034 656 Theocritum
1079 590 1170 666 (huuc
1210 591 1334 674 quidem

266 695 462 778 festinanter)
489 700 521 762 et
547 699 698 762 inferioris
728 697 830 762 aetatis
857 697 928 760 inde
958 715 977 758 a
1003 696 1135 760 Diodoro
1169 696 1271 762 Siculo
1302 699 1335 762 et

266 801 416 867 Strabone
437 807 615 884 persecutus
637 823 717 881 sum,
739 823 756 867 e
778 804 888 886 quibus
911 804 1003 866 antea
1028 803 1151 866 tantum
1173 802 1334 866 Plutarchi

264 907 344 972 vitas
367 909 399 971 et
425 909 595 972 burianum
624 909 802 992 diligentius
829 909 976 992 legeram.
1020 907 1137 972 Horum
1160 906 1254 990 igitur
1276 926 1332 972 au-

264 1031 387 1090 nomm,
427 1015 486 1079 hoc
524 1015 588 1091 cst,
621 1015 723 1079 aetatis
761 1034 820 1080 usu
860 1015 892 1078 et
926 1013 1131 1095 perpetuitate
1159 1012 1330 1079 studiorum

263 1118 468 1195 confirmata,
496 1120 596 1184 maior
616 1139 687 1202 pars
711 1110 900 1196 est'eorum,
938 1138 1005 1201 quae
1027 1119 1067 1183 ad
1089 1119 1212 1184 Graecos
1234 1118 1330 1201 scrip-

262 1227 342 1289 tores
372 1225 422 1290 bic
448 1226 603 1308 proferam
632 1245 698 1302 eos,
734 1226 897 1308 inquibus
924 1226 970 1290 ita
998 1244 1068 1290 sum
1101 1226 1261 1300 versatae,
1295 1227 1331 1288 ut

261 1331 377 1413 aliquid
399 1335 577 1398 nasceretur
600 1333 835 1407 emendationis;
859 1333 935 1397 alios
958 1333 1099 1396 celeriter
1119 1330 1255 1412 percurri
1276 1333 1330 1394 aut

260 1438 400 1519 partibus
436 1441 572 1523 cognovi.
632 1439 713 1518 Quos
751 1439 833 1502 enim
866 1439 946 1502 totos
981 1439 1099 1502 attente
1127 1435 1328 1519 perlegendos

261 1561 473 1626 susceperam,
506 1545 537 1606 in
559 1544 598 1608 iis
620 1563 671 1608 me
693 1544 812 1609 adhoc
834 1543 981 1608 orationis
1004 1543 1044 1606 ad
1070 1561 1175 1606 veram
1196 1543 1326 1606 formam

259 1649 438 1714 revocanda
467 1650 603 1714 studium
630 1651 751 1714 ferebat
772 1652 804 1714 et
825 1650 894 1731 plus
916 1650 995 1724 fere,
1025 1668 1117 1732 quam
1140 1648 1267 1723 vellem,
1294 1648 1326 1710 in

260 1773 295 1820 eo
318 1755 477 1819 detinebat
499 1756 593 1820 animi
614 1757 775 1838 propensio
797 1775 872 1820 sana
894 1761 926 1820 et
952 1756 1037 1818 certa
1058 1773 1195 1836 quarens
1218 1756 1249 1817 et
1270 1754 1325 1816 de-

257 1861 381 1924 lectatio
404 1881 440 1925 er
461 1881 554 1926 sensu
582 1862 740 1926 facultatis
768 1861 927 1925 cuiusdam
952 1861 991 1924 ad
1021 1879 1058 1924 ea
1087 1860 1246 1942 perspicue
1275 1878 1324 1922 re-

257 1967 403 2048 perienda
425 1968 640 2031 exercitatione
669 1968 869 2042 confirmatae,
900 1983 970 2030 oum
992 1965 1070 2030 mihi
1097 1965 1215 2030 viderer
1237 1965 1324 2047 quasi

255 2073 336 2154 ipsos
358 2073 426 2138 illos
447 2075 566 2138 veteres
589 2091 692 2137 coram
714 2074 910 2156 interrogare.

339 2179 456 2243 Ponam
478 2179 509 2243 in
532 2180 580 2243 bis
601 2180 699 2258 libris,
722 2180 749 2244 si
773 2197 896 2244 summa
918 2178 1037 2242 consilii
1058 2178 1231 2260 spectatur,
1248 2177 1322 2248 ¹tan-

255 2286 324 2348 tum
346 2305 412 2367 quae
440 2303 509 2348 mea
539 2286 571 2349 et
596 2304 673 2350 nova
699 2286 791 2366 puto,
818 2286 875 2349 hoo
906 2284 967 2360 est,
996 2283 1188 2348 coniecturas
1211 2301 1322 2366 easque

255 2390 501 2467 emendationes,
532 2391 704 2473 inquibus,
728 2391 851 2455 etiamsi
869 2391 1007 2472 proxime
1030 2389 1169 2454 codicum
1191 2389 1323 2472 vestigia

253 2496 426 2576 sequantur,
450 2496 565 2578 aliquid
586 2499 691 2562 tamen
714 2497 752 2560 de
775 2515 844 2560 meo
866 2497 1038 2562 accesserit.
1086 2494 1160 2572 Quae
1182 2495 1214 2558 in
1237 2496 1321 2561 vete-

252 2619 321 2663 rum
343 2601 526 2682 scriptorum
549 2603 693 2685 operibus
711 2603 894 2685 simpliciter
916 2622 933 2666 e
955 2602 1107 2668 codicibus
1128 2599 1320 2665 restituenda

251 2707 282 2770 in
320 2707 511 2790 marginibus
543 2709 664 2786 notavi,
697 2711 751 2772 aet
780 2711 905 2776 omnino
941 2708 1081 2791 neglecta
1111 2707 1165 2770 aut
1191 2706 1319 2787 probata

211 2813 325 2902 ·,olim
348 2814 386 2877 ab
408 2831 467 2877 uno
485 2815 672 2894 pluribusve,
696 2814 750 2878 sed
768 2815 1160 2890 areoentissimisreiecta,
1182 2829 1317 2894 quasque

250 2918 440 3000 superiorum
468 2919 697 2984 emendationes
729 2922 840 2987 iniuria
872 2925 991 3003 spretas
1030 2924 1062 2986 et
1092 2923 1145 2986 aut
1172 2917 1316 2982 contortis

249 3025 399 3105 corruptae
412 3023 552 3088 codicum
572 3025 730 3107 scripturae
749 3029 992 3092 enarrationibus
1011 3030 1065 3092 aut
1086 3027 1187 3110 pravis
1199 3025 1315 3089 coniec-

248 3129 325 3192 turis
355 3129 541 3212 postpositas
568 3130 709 3211 probavi,
743 3135 962 3214 praetermitto;
996 3154 1069 3198 nam
1100 3136 1132 3196 et
1159 3133 1314 3196 infinitum

247 3237 330 3298 esset
351 3236 493 3316 persequi
515 3238 546 3300 et
567 3237 680 3301 habent
693 3237 877 3319 prudentes,
901 3241 954 3304 ubi
976 3244 1113 3322 quaerant
1135 3243 1166 3306 et
1179 3241 1313 3304 sumant.

245 3341 286 3404 Et
317 3343 423 3404 tamen
456 3359 515 3405 non
548 3341 647 3406 solum
679 3343 835 3407 interdum
868 3365 946 3410 meae
982 3346 1204 3412 emendationis
1238 3365 1312 3410 con-

244 3447 402 3512 firmandae
426 3465 519 3512 causa
540 3449 594 3511 aut
614 3449 766 3514 invitante
788 3451 990 3516 similitudine
1011 3453 1117 3518 mendi
1139 3458 1170 3520 et
1194 3474 1312 3520 correc-

243 3553 334 3617 tionis
370 3556 402 3617 et
434 3554 663 3636 opportunitate
704 3555 804 3620 brevis
841 3556 1058 3622 admonitionis
1092 3561 1309 3624 commendabo

242 3659 273 3722 in
299 3659 367 3723 aliis
389 3660 463 3724 locis
486 3660 625 3724 codicum
648 3661 813 3742 scripturas
836 3662 1005 3727 aliorumve
1026 3665 1229 3742 coniecturas,
1253 3667 1309 3730 sed

243 3785 280 3829 ne
302 3766 334 3829 id
357 3767 480 3848 quidem
502 3765 580 3828 mihi
600 3785 724 3846 prorsus
746 3766 904 3845 interdico,
926 3787 965 3831 ne
983 3769 1076 3836 liceat
1091 3773 1189 3836 autin
1205 3773 1308 3837 traus-

242 3891 331 3936 cursu
353 3872 488 3936 vicinam
510 3873 578 3936 loco
603 3891 621 3936 a
642 3889 692 3934 me
716 3872 889 3946 emendato¹
907 3875 1020 3940 bonam
1049 3878 1187 3944 codicum
1209 3881 1306 3961 scrip-

240 3979 342 4041 turam
377 3979 416 4042 ab
443 3980 587 4062 neglectu
624 3974 777 4040 vindicare
816 3977 870 4039 aut
905 3983 1153 4052 emendationem
1185 4007 1306 4074 ponere,

240 4102 331 4164 quam
355 4103 424 4149 oum
447 4085 513 4167 ipse
535 4085 688 4156 fecissem,
710 4083 819 4161 postea
838 4085 876 4148 ab
891 4086 951 4152 alio
965 4092 1150 4175 praeceptam
1174 4097 1304 4166 viderim
