2954 4664
279 239 337 301 172
453 287 455 296 .
715 241 775 295 Lib.
792 243 814 296 1.

234 435 309 502 oiicr
331 430 408 500 ποτ’
437 433 489 501 ἄν.
511 437 651 520 Ροεσπρο
680 435 725 501 σ’ίν
744 439 775 501 in
796 438 858 502 fine
880 456 1022 502 versuum
1047 437 1166 502 excidii.
1209 437 1296 503 -naec

235 559 271 605 ex
302 542 430 605 scenicis
454 542 553 624 poetis
571 543 706 606 *malonia
733 543 803 606 duci
829 544 945 624 poicsi,
968 544 1000 606 cl
1020 558 1147 606 numero
1167 543 1198 605 el
1218 560 1296 624 pon-

234 646 306 710 dero
328 647 440 712 nullius
463 665 586 728 prorsus
607 649 764 712 momenti.
808 647 898 730 Apud
918 648 1115 728 Apollonium
1130 647 1296 724 Rhodium,

232 753 268 816 ui
289 752 382 816 eliam
393 751 613 816 Alexandrinos
629 754 789 836 attingam,
810 753 921 818 vitiosa
940 753 1006 816 haec
1029 755 1109 827 sunt,
1132 752 1297 816 emcndaiu

232 856 396 921 facillima:
431 857 472 932 11,
500 857 561 919 293
588 855 736 940 (ὤμοσεν
760 906 766 921 .
792 906 799 921 .
824 903 832 926 .
860 852 910 941 με)
937 864 1002 940 μὲν
1031 906 1038 921 .
1063 909 1069 922 ,
1094 907 1100 921 .
1126 851 1295 922 πελάσσαι

232 982 287 1044 pro
320 956 503 1028 πελάσσειν
526 995 560 1016 =
590 963 650 1024 715
684 955 867 1046 ἐπώμοσαν
900 955 924 1047 ἦ
955 969 1020 1047 μὲν
1052 957 1215 1048 α’ρήξειν,
1240 963 1294 1037 IV,

234 1068 314 1130 1085
355 1071 498 1153 ἐνέχεται
536 1065 648 1153 ὅρκοις
679 1115 684 1126 -
711 1113 750 1132 ..
782 1063 982 1152 θήσεσθαι),
1021 1071 1083 1131 460
1121 1062 1295 1154 (πείσματ’

231 1165 439 1252 induamini
462 1169 647 1258 μυθήσατο
671 1193 724 1255 pro
746 1168 975 1258 α’νοὶψεσθαι),
1006 1177 1059 1248 IV,
1083 1177 1120 1238 15
1144 1169 1294 1251 (σ’ΐσσατσ

232 1272 282 1363 μή
313 1305 376 1362 μιν
405 1274 544 1365 οἷρωγήν
570 1283 736 1365 ληθέμεν,
768 1281 853 1352 αἶψα
877 1282 912 1346 δὲ
942 1282 1058 1345 πᾶσαν
1080 1273 1307 1364 α’ναπλήσσιν

232 1379 412 1469 κακότητα.
434 1405 530 1467 prava
549 1387 642 1450 eiiam
665 1387 865 1468 copulaiione‚
896 1405 950 1468 pro
980 1379 1156 1474 λη’σεμεν);
1192 1387 1296 1450 cetera

231 1493 335 1556 omnia
358 1529 397 1540 *-
421 1493 453 1556 ei
473 1494 545 1556 sunt
566 1491 699 1574 plurima
727 1529 760 1538 -
777 1495 860 1556 recle
883 1493 1066 1570 scribuntur,
1089 1492 1161 1574 quia
1181 1492 1295 1556 mutari

229 1599 322 1682 longo
343 1598 488 1679 pleraque
510 1615 571 1660 non
592 1598 734 1678 poterani
755 1595 775 1673 ).
825 1599 894 1662 Uno
923 1598 992 1664 loco
1012 1599 1069 1675 ΙΙΙ,
1097 1599 1156 1658 767
1179 1599 1210 1661 el
1232 1597 1293 1658 768

229 1703 410 1784 Apollonius
438 1703 485 1786 φη·
516 1702 554 1765 dc
576 1702 687 1766 Medea
701 1699 815 1767 'animo
844 1703 1005 1784 fluctuanti
1033 1704 1076 1770 sic
1105 1702 1222 1786 posuit,
1247 1702 1293 1778 ui,

230 1827 300 1873 cum
322 1808 468 1890 opinionis
492 1808 668 1889 (putabat
689 1827 729 1878 sc
750 1809 961 1888 facturam,
988 1808 1196 1873 videbatur
1218 1805 1294 1870 sibi

144 1917 147 1944 ¹
230 1915 398 1990 factura)
427 1917 458 1977 ct
479 1914 645 1980 voluntatis
674 1915 849 1990 (volebat
869 1916 955 1996 ipsa
980 1913 1088 1998 mori)
1110 1911 1295 1997 significatio

230 2021 364 2084 conflata
386 2021 482 2095 osset,
512 2018 552 2081 ad
574 2018 751 2102 ambiguam
773 2021 852 2086 hano
873 2022 1131 2104 significationem
1154 2021 1186 2082 ol
1208 2018 1294 2082 fulu-

229 2144 298 2188 rum
311 2124 455 2188 infinitivi
469 2126 593 2204 tompus
609 2124 640 2187 oi
654 2125 785 2190 acrisius
802 2128 1056 2211 (καταφθίσθαι
1075 2176 1081 2188 .
1095 2175 1121 2190 ..
1139 2126 1293 2200 θανέειν)

228 2230 520 2316 accommodaretur.
563 2228 656 2310 Apud
678 2229 900 2295 Callimachum
921 2251 983 2296 una
1005 2233 1054 2297 cst
1079 2232 1161 2315 apud
1185 2234 1290 2295 σ”ολπα

231 2335 439 2400 dubitatioin
461 2362 482 2398 α
504 2352 558 2415 pro
582 2359 597 2398 ε
619 2335 718 2416 posito
739 2336 780 2413 (in
802 2337 891 2400 Dian.
916 2337 999 2421 222),
1023 2339 1125 2404 cetera
1145 2337 1238 2400 recta.

262 2445 264 2452 ’
328 2441 365 2503 In
400 2440 568 2527 poematia
613 2426 680 2523 quae
713 2441 895 2507 Thcoorileo
934 2461 1059 2526 corpore
1096 2443 1293 2508 coniinonlur

232 2550 282 2622 (-—
307 2545 375 2628 quis
404 2546 485 2609 enim
521 2546 621 2610 noscit
654 2565 690 2609 ea
725 2547 850 2630 originis
884 2549 1038 2612 etaetatis
1072 2549 1291 2614 diversissimae

228 2655 319 2716 esso?
341 2657 395 2728 -)
426 2651 484 2715 duo
510 2652 703 2734 reperiuntur
725 2654 812 2733 pravi
841 2653 947 2717 acrisii
969 2655 1125 2737 exempla,
1158 2655 1291 2717 aliorum

227 2758 259 2822 in
273 2757 350 2821 XXI
365 2759 523 2840 (carmine,
536 2761 570 2822 ul
585 2744 701 2840 opinor,
717 2759 794 2834 salis
809 2760 940 2823 rcocniis
955 2761 1076 2834 anos),
1100 2761 1155 2822 ὅθι
1170 2755 1290 2842 ὤμοσα

228 2857 258 2927 δ’
292 2857 401 2926 οὐκέτι
436 2861 559 2937 λοιπόν
590 2858 676 2948 ostio
712 2856 883 2950 πελάγους
905 2857 1000 2930 πόδα
1036 2873 1180 2938 θεῖναι,
1202 2858 1301 2928 α’λλοῖ-

227 2961 1291 3055 mmfflwmmwffimmmmmmfflm

227 3065 368 3157 tempora
382 3075 447 3140 sine
464 3075 530 3141 ulla
544 3093 636 3140 causa
651 3076 770 3140 variata
785 3077 922 3155 habens·
933 3077 989 3141 sed
1002 3077 1291 3142 manifestissimum

228 3184 259 3246 ci
280 3201 299 3245 a
319 3182 426 3246 mullis
442 3181 690 3246 animadversum
712 3181 921 3266 soloecismum
938 3176 1061 3259 (οὐκέτι
1077 3201 1131 3264 pro
1146 3184 1290 3266 μηκέτι),

229 3306 320 3369 quom
342 3287 394 3369 qui
409 3285 550 3370 corrigea
574 3287 669 3352 eliam
683 3282 810 3372 θήσειν
826 3289 950 3368 conisi,
973 3290 1027 3372 qui
1047 3307 1119 3353 cum
1138 3287 1291 3352 Moinokio

936 3387 941 3431 ι

229 3463 426 3473 -.—..‚-——-—-

257 3572 281 3640 1)
299 3576 333 3630 In
351 3575 407 3629 solo
425 3575 494 3630 libro
512 3576 541 3629 ΙΙ
560 3576 623 3630 iude
641 3595 657 3632 a
675 3595 700 3642 u.
714 3582 766 3636 500
786 3581 814 3634 et
825 3581 861 3634 ·in
879 3579 962 3634 tortio
981 3579 1037 3636 hac
1054 3579 1158 3634 notaui:
1181 3577 1217 3642 ΙΙ,
1239 3581 1291 3634 618

298 3668 454 3736 (τελέεσθαι
477 3670 577 3737 φάτο),
598 3672 650 3726 645
669 3669 776 3741 (ὀΐομαι
794 3712 802 3734 ,
823 3713 829 3726 .
849 3710 856 3723 .
875 3671 1034 3738 ἔσσεσθαι),
1049 3673 1115 3728 ,715
1140 3669 1289 3739 (ἀρήξειν),

297 3761 351 3818 950
374 3761 569 3830 (δωσέμεναι),
601 3765 669 3819 1197
689 3762 873 3830 (τεύξεσθαι),
904 3767 956 3832 ΙΙΙ,
975 3769 1009 3822 89
1028 3763 1209 3833 (νοστήσειν),
1238 3765 1291 3820 524

298 3851 461 3919 (cnosson),
481 3856 532 3910 582
542 3855 684 3922 (σιεεσσ),
704 3841 880 3925 caecam),
902 3861 972 3915 noco
990 3855 1200 3926 (εσσιήσεσοσσ),
1222 3857 1291 3910 1190

296 3944 473 4014 (ἐξανύσεινμ
492 3949 584 4001 contra
595 3947 627 4000 <le
640 3951 817 4019 re'praelerita
829 3951 867 4013 ΙΙ,
878 3953 929 4006 797
941 3949 1020 4016 (οὐδὲ
1033 3949 1052 4006 i*
1059 3967 1155 4019 φημι..
1164 3943 1290 4004 ,ἐπελάσ-

284 4038 288 4046 ’
302 4038 368 4107 σαι),
388 4041 458 4094 1168
476 4039 596 4105 (ὀΐω...
610 4041 739 4110 ἱκέσθαι),
759 4041 806 4106 IV,
825 4043 895 4100 1480
915 4043 1065 4110 (ἰδέσθαι).Ι
1198 4047 1200 4054 ’

1467 4443 1469 4598 l
