3004 4676
650 297 712 354 Lib.
729 300 777 354 IV.
1140 295 1200 356 519

179 491 288 566 αὐτόν
310 489 552 582 ἀπαράσκευον
579 491 664 562 ὄντα
691 495 747 560 ἐπλ
769 488 835 579 τήν
865 495 932 560 τόν
959 496 1125 562 Αἰτωλῶν
1155 519 1243 580 συμ-

177 605 308 691 μαχίαν
335 605 408 682 (ἐπὶ
440 604 484 690 τῇ
511 651 520 668 .
549 649 558 666 .
589 600 830 686 .ουμμαχίρθλ
852 595 913 665 τόν
935 592 1092 684 πόλεμον
1118 607 1244 668 ἐπανε-

178 713 318 790 λέσθαι,
350 695 492 788 22'(19):
524 710 578 774 καὶ
608 703 670 781 τάς
700 703 928 794 περιβοήτους
953 699 1092 788 πράξεις
1125 713 1242 775 ἐπετεν

178 820 297 884 λίοατσ
320 817 508 888 πολιτικοῖς
529 817 595 902 μὲν
611 815 789 896 τελέομασι
807 813 861 879 καί
878 803 1042 894 δυνάμεσι
1057 827 1242 897 μικροῖς,

175 915 409 1008 μισθοφόροις
430 921 465 987 δὲ
486 965 495 984 .
519 967 528 985 .
551 965 559 981 .
582 923 834 1006 παμμεγεθέοι,
857 918 899 980 24
924 918 1005 997 (21):
1031 913 1241 1005 κατηγοροό·

178 1054 284 1115 μενος
298 1023 363 1117 γάρ
386 1020 466 1098 &aad
489 1026 570 1092 τῶν
591 1016 904 1110 δείνοινθανοίτῳ,
916 1023 957 1086 30
969 1017 1087 1105 (27):6
1109 1021 1242 1100 ὕπατος

181 1137 235 1202 καλ
258 1141 298 1202 ἐκ
320 1132 489 1218 πατρῶν
519 1126 668 1219 γεγονός
699 1122 744 1216 ήν
775 1121 820 1198 εὖ
853 1129 907 1194 καλ
941 1123 1025 1196 κατά
1058 1126 1123 1214 τήν
1160 1129 1242 1226 όψιν

181 1235 356 1328 εὐπρεπής
384 1241 450 1310 (aut
477 1239 618 1322 πατρῶν
646 1262 716 1323 γεγ.
745 1227 790 1320 ήν
812 1228 960 1321 εὐγενῶν
987 1235 1069 1314 καί),
1096 1238 1136 1300 36
1160 1239 1240 1316 (3313

181 1349 236 1412 καλ
256 1339 651 1431 ἀπολογησαμένοις
672 1355 745 1415 τοῖς
766 1344 829 1408 τοῦ
842 1345 999 1426 Περσίας
1014 1347 1241 1428 πρεσβευταῖς

179 1453 258 1537 περί
277 1456 343 1538 μὲν
363 1451 433 1515 τῶν
453 1446 565 1516 άλλοιν
587 1441 753 1516 άπολόειν
781 1442 888 1514 αι’τόν
910 1441 1130 1535 ἐγκλημάτων
1153 1441 1239 1535 ἔφη,

178 1559 257 1643 περὶ
281 1558 314 1623 δὲ
335 1583 365 1622 ιι.
386 1583 415 1622 τ.
439 1556 469 1620 λ.

267 1662 333 1727 Lib.
354 1660 454 1739 XXX,
487 1659 592 1736 5(5):
626 1654 720 1731 ὅπως
742 1655 900 1738 ἅπαντας
936 1655 1240 1745 καταπληξάμενος

176 1762 258 1840 τούς
299 1768 509 1849 δυναμένους
553 1757 877 1832 συμπολιτεύεσθαι
928 1758 1125 1844 καθάπαξ
1173 1771 1239 1854 εἴη

178 1867 292 1956 κύριος
314 1866 448 1954 άπάοης
469 1869 532 1953 τῆς
558 1863 747 1953 Ἠπείρου,
785 1871 887 1948 9(8):
910 1872 983 1944 πῶς
1014 1866 1078 1958 γάρ
1104 1869 1148 1939 άν
1176 1899 1239 1946 τις

176 1973 249 2045 οὐκ
267 1971 404 2050 εἰκότως
415 1970 571 2058 διαλάβοι
585 1976 617 2039 et
630 1976 721 2058 paulo
732 1977 816 2057 post:
839 1970 883 2042 τά
902 1975 978 2064 γάρ
996 2002 1239 2067 συμπεριενεχ-

176 2085 286 2170 θῆναι
309 2084 393 2148 πάοι
413 2095 485 2156 τοῖς
507 2093 636 2163 καιροῖς
658 2074 886 2166 ἁρμοζόντως,
912 2085 951 2146 14
972 2085 1058 2167 (11):
1089 2087 1238 2172 νομίζω-ν

175 2185 296 2264 πολιί,
318 2182 369 2254 οὐ
390 2199 461 2260 τοῖς
480 2183 572 2260 ὅλοις
594 2201 729 2271 κρατεῖν
749 2180 1002 2273 Ῥωμαίους,
1026 2193 1064 2254 19
1081 2195 1161 2272 (15);
1257 2180 1259 2188 ’

174 2287 350 2382 ἐσοίρευον.
394 2294 475 2367 Παῖς
496 2287 558 2358 οτίι
580 2288 624 2358 ἄν
646 2317 696 2366 τις
718 2290 934 2379 θαυμάσειεν
956 2342 964 2359 .
988 2345 998 2363 .
1019 2325 1047 2377 .,·

274 2400 341 2465 Lib.
354 2399 472 2477 XXXI,
492 2400 512 2461 3
534 2398 580 2478 (3)
595 2401 664 2480 post
685 2399 782 2464 med.:
805 2395 871 2483 τήν
892 2407 929 2466 ἐν
950 2396 1035 2489 οἷρχή
1057 2424 1239 2484 παρατε-

174 2513 329 2572 θεῖσαν
350 2497 543 2588 οἷπόφαοιν,
577 2503 616 2565 18
639 2504 708 2582 (11,
732 2506 777 2580 l):
801 2499 956 2572 καθόλου
980 2507 1015 2572 δὲ
1035 2510 1240 2592 τέταρτον

174 2604 509 2696 άντοφθαλμοὺνκος
546 2610 608 2674 τοῦ
627 2611 800 2693 «βασιλέως
835 2625 907 2684 τοῖς
939 2605 1125 2695 Ῥωμαίοις
1157 2618 1238 2676 ἐνι·

174 2711 305 2784 αυτόν
328 2716 395 2799 (τίς.
417 2716 484 2782 Liv.
516 2715 610 2792 XLV,
633 2716 684 2789 41,
707 2716 753 2793 5),
776 2717 816 2777 47
840 2717 927 2798 (36):
961 2717 1139 2793 ἐπιδεξίοις
1173 2711 1238 2802 γάρ

174 2815 426 2907 θωπεάμαοι
450 2822 504 2886 καλ
518 2820 724 2906 ψηφίσμασι,
738 2822 778 2884 49
791 2823 871 2901 (38):
894 2817 1056 2888 οἷδυνατεῖ
1077 2816 1237 2906 άπάραι

173 2930 236 3015 τῆς
257 2929 325 2994 τῶν
347 2927 506 2994 κυνιδίων
528 2922 763 3012 ἐλαφρότητος.

275 3035 342 3100 Lib.
374 3033 514 3110 XXXII,
544 3037 563 3093 4
598 3033 658 3108 (4)ε
696 3033 796 3114 ἔλαβε
829 3027 922 3116 παρά
961 3034 1029 3098 τῶν
1062 3037 1239 3118 πολεμίοιν

175 3139 412 3207 ἐθελοντῶν
433 3133 498 3222 τήν
519 3139 580 3222 τής
598 3131 763 3210 Ἑλλάδος
785 3133 985 3223 ἠγεμονίαν,
1008 3141 1048 3201 24
1064 3142 1145 3219 (24):
1168 3134 1267 3226 ιλπόι

173 3249 238 3313 τοῦ
261 3246 441 3330 Πολυβίου
464 3244 813 3318 ἐπιστατοῦντος,
835 3250 928 3318 τίνος
950 3253 1063 3322 ἕνεκα,
1097 3247 1137 3307 26
1159 3246 1238 3323 (26):

175 3355 278 3438 μέρος
314 3346 376 3418 οόκ
405 3342 579 3435 ἐλάχιστον
724 3343 1056 3435 συμβαλλόμενα
1086 3397 1093 3411 .
1118 3397 1158 3414 ..
1195 3345 1237 3416 τά

177 3453 232 3525 διά
260 3457 323 3541 τῆς
348 3457 417 3524 τῶν
446 3447 734 3540 α’ποτελεσμάτων
766 3457 886 3540 πείρας
916 3446 1171 3539 νουθετήματα,
1208 3456 1240 3520 et

175 3564 268 3647 paulo
294 3564 378 3646 post:
414 3562 519 3647 χρεῶν
545 3554 789 3638 άπολάοεις,
811 3564 849 3624 27
872 3564 939 3644 (27,
964 3566 1010 3641 1):
1044 3554 1128 3627 κατά
1156 3555 1239 3633 τοάς

174 3669 237 3753 τῆς
260 3661 352 3733 καθ’
374 3661 484 3750 ἡμᾶς
505 3662 640 3751 ήλικίας
663 3665 807 3752 καιρούς.

276 3773 343 3838 Lib.
364 3771 512 3847 XXXIII,
534 3775 552 3834 7
576 3775 617 3851 (5,
640 3773 688 3854 4):
724 3787 796 3847 τοῖς
816 3775 945 3841 ἑαυτῶν
967 3765 1238 3858 παρανομήμασι

177 3879 674 3965 συνεπιχειροτονοῦντες
706 3873 837 3962 α’λκήν
874 3882 922 3959 (?)'
949 3881 982 3946 et
1016 3877 1107 3963 paulo
1151 3878 1238 3961 post:

176 3979 263 4069 πρός
284 3979 458 4071 α’λήθειαν
479 3979 601 4067 ήκειν
623 3977 823 4070 συμμάχους
843 3976 1169 4067 άποστελλομίνους.
