3004 4676
633 267 693 322 Lib.
711 267 760 322 IV.
1124 267 1189 330 515,

166 469 228 553 τῆς
249 467 447 552 πολιορκίας
469 460 531 533 οὐκ
560 458 606 552 ἦν
632 466 789 539 κίνδυνος
819 470 924 550 aperto
954 447 1147 533 'mendoeunr
1181 471 1230 534 est

168 566 213 660 ἦν
238 574 414 654 (dicendum
439 574 521 638 enim
549 574 615 638 eret
643 571 769 648 saltem,
796 573 910 638 omisso
937 574 1080 639 eudonio:
1112 575 1172 659 τῆς
1195 575 1230 640 δὲ

167 679 365 764 πολιορκίας
387 671 500 751 οὐδεὶς
518 669 636 761 η’νει.).
659 676 886 743 ,Εσήοαοδαωτ
909 673 929 743 o‘
951 679 984 743 δὲ
1008 677 1070 763 τῆς
1092 682 1230 765 πολιορ-

168 787 243 860 ιιίας
260 779 327 852 οὐκ
348 777 447 870 η’νία
471 783 638 857 κίνδυνος.

267 890 334 958 lod
357 891 412 955 60:
441 883 732 974 ’Υποτεμομένων
753 886 789 952 δὲ
810 889 879 954 τῶν
900 889 1145 976 Καρχηδονίων
1159 886 1231 976 τήν

168 1003 218 1072 είς
258 993 323 1081 την
367 995 633 1080 στρατοπεδείαν
682 986 899 1080 α’ποχιίρησιν
940 995 1007 1059 τῶν
1056 998 1249 1082 πολεμίων

168 1097 441 1190 η’ναγιιιίοθησαν
463 1107 495 1168 οἱ
517 1101 595 1186 περί
618 1095 680 1166 τδν
701 1097 870 1186 Εὔμαχον
892 1115 1099 1186 καταφαγεῖν
1123 1127 1149 1166 ιι.
1162 1129 1189 1168 τ.
1202 1106 1232 1168 λ.

167 1209 352 1276 Tollendum
372 1209 440 1274 τῶν
460 1207 720 1294 Καρχηδονίων,
744 1207 932 1288 adscriptum
954 1207 995 1272 ed
1016 1208 1232 1274 declarandum

167 1316 234 1382 τῶν
256 1314 441 1398 πολεμίων.
487 1314 569 1379 Nem
592 1333 716 1396 prorsus
742 1331 884 1395 pervenre
905 1315 976 1397 post
997 1331 1043 1391 ee,
1066 1333 1133 1397 quae
1154 1335 1232 1397 prae-

167 1422 290 1498 cedunt,
314 1439 426 1485 nomeu
447 1421 516 1486 τῶν
537 1420 713 1504 πολεμίων
734 1418 930 1484 transfertur·
943 1419 982 1484 ed
1003 1419 1129 1486 Graecoe
1157 1419 1255 1485 Cer-¹

167 1525 407 1611 theginiensiunr
428 1526 544 1604 hostes,
575 1526 714 1603 eosdem,
744 1525 797 1608 qui
822 1529 854 1588 οί
879 1527 956 1608 περί
980 1519 1041 1590 cdv
1063 1523 1230 1612 Εὔμαχον

167 1632 372 1716 appellantur.
883 1687 886 1692 ,

266 1737 334 1802 lod.
359 1737 398 1800 63
427 1735 640 1802 scribendum:
677 1735 872 1820 παρέλαβεν
896 1729 1022 1808 αὐτούς
1050 1731 1142 1802 τότε
1166 1743 1232 1820 (pro

169 1849 266 1923 ποτε)
289 1835 361 1909 κατ’
384 1841 476 1907 ἰδίαν
487 1831 594 1904 πάλιν
616 1842 672 1905 ἐπὶ
688 1835 753 1924 την
767 1841 925 1907 ἑστίασιν.
962 1843 1232 1908 uenerationem

166 1949 257 2014 huius
295 1949 341 2014 rei
367 1949 435 2012 tum
468 1945 557 2010 fectae
585 1947 817 2028 preeperendem
849 1947 1046 2030 interpositus
1074 1952 1123 2014 eet
1148 1951 1233 2014 totus

167 2055 253 2122 locus
278 2054 316 2118 de
338 2051 518 2137 Agathoclis
539 2051 671 2135 ingenio.

270 2160 337 2224 lbd.
371 2159 425 2222 70:
454 2150 695 2242 ἐπισημήναιτ’
717 2154 761 2222 do
782 2179 833 2228 τις
911 2152 976 2241 την
998 2160 1047 2228 εἰς
1068 2153 1110 2224 τοί
1133 2161 1233 2224 τίιινα

168 2269 360 2352 γινομένην
391 2261 559 2348 τιμωρίαν
586 2259 660 2328 οίον
686 2265 748 2347 της
774 2263 876 2335 θείας
899 2265 1073 2348 προνοίας.
1117 2263 1232 2330 Sonitu:

170 2368 244 2438 οἷον
268 2377 311 2436 ἐκ
344 2371 447 2442 θείας
480 2370 654 2452 προνοίας.
708 2370 794 2434 Infra
823 2368 925 2434 medio
958 2371 1057 2452 capite
1095 2371 1233 2452 apparet,
1280 2383 1282 2389 ·

169 2477 246 2542 nihil
266 2495 391 2557 prorsus
414 2475 453 2540 ed
475 2476 661 2540 senteutiam
683 2473 867 2546 desiderari,
901 2473 928 2538 ei
958 2475 1024 2539 haec
1050 2476 1151 2560 leges:
1184 2479 1234 2548 εἰς

169 2574 377 2667 τηλικαύτην
410 2575 439 2646 δ’
472 2575 644 2667 ὑπεροχήν
678 2571 917 2666 προελθόντος
948 2572 1057 2646 αὐτοῦ
1090 2581 1144 2644 καί
1172 2575 1234 2645 τόν

170 2683 342 2774 Ὀφέλλαν
373 2680 602 2771 φονεύσαντος
636 2734 674 2753 .·
709 2733 717 2750 ·
747 2688 900 2773 φανερῶς
927 2683 1166 2771 ἐπεσημήνατο
1194 2681 1232 2752 αδ

161 2787 353 2878 ’δαιμόνιον
391 2789 435 2867 οἷς
469 2789 526 2860 διδ
559 2788 624 2878 τήν
664 2797 713 2866 εἰς
748 2794 874 2860 τοῦτον
910 2795 1131 2876 παρανομίαν
1167 2794 1235 2857 ταῖν

171 2895 316 2984 ὕστερον
338 2901 420 2978 (fort
453 2895 614 2985 ὑστέρων)
650 2894 741 2987 αὐτῷ
772 2901 1029 2987 γεγενημένων·
1073 2899 1135 2964 τοῦ
1167 2893 1233 2986 γοίρ

172 2999 280 3074 αὐτοῦ
309 3001 431 3090 μηνός
449 3032 478 3072 ιι.
512 3033 541 3072 τ.
572 3008 600 3070 λ.
642 3005 820 3089 (λαωαροεδ
847 3008 1085 3090 γεγενημένων
1115 3006 1146 3069 iu
1181 3025 1262 3070 eo·-

172 3113 291 3178 dieibus
324 3112 492 3178 adduntur:
528 3105 567 3176 τδ
607 3119 710 3177 ’θεῖον
737 3104 913 3196 ἐπιστήσαι
943 3111 1021 3187 (sive
1054 3112 1234 3194 ἐπιστῆσαι

172 3217 306 3282 scribere
343 3217 465 3297 melis),
505 3217 538 3282 iu
575 3218 719 3283 orationis
759 3218 944 3282 structuram
980 3218 1013 3280 et
1050 3217 1235 3282 senteutiam

171 3322 322 3406 quomodo
350 3322 561 3400 includantur,
589 3342 650 3388 non
680 3323 776 3400 video,
810 3321 962 3404 mirorque
997 3322 1041 3407 τῷ
1070 3321 1235 3408 δαιμονίῳ

172 3428 398 3510 superpositum
434 3422 473 3493 εδ
515 3436 625 3494 θεῖον.
681 3430 788 3512 Itaque
824 3427 1010 3492 secludenda
1047 3429 1112 3492 hoec
1147 3430 1235 3509 puto;

171 3532 319 3616 uideoque
341 3532 413 3597 eddi
433 3533 579 3614 potuisse,
614 3553 685 3598 cum
713 3533 873 3616 putaretur
897 3536 967 3616 post
995 3526 1235 3619 ἐπεσημήνατο

174 3631 218 3710 εἷς
238 3638 367 3703 uerbum
395 3637 518 3702 finitum
545 3639 632 3720 sequi
659 3637 777 3702 debere.
831 3637 893 3702 Sed
919 3641 1024 3704 temen
1046 3640 1118 3722 quid
1140 3641 1237 3724 signi-

172 3744 265 3808 ficare
291 3743 429 3819 voluerit,
451 3741 623 3825 quicunque
645 3743 805 3817 addiderit,
828 3762 887 3808 non
909 3747 1026 3827 reperio
1044 3747 1237 3830 meximeque

173 3849 204 3914 in
227 3841 405 3930 ἐπιστήσαι
426 3847 538 3914 haereO.
1022 3863 1024 3870 ’

272 3952 339 4018 Ibd.
359 3952 401 4014 172
431 3953 464 4032 ii,
499 3953 551 4036 qui
572 3953 611 4017 ud
632 3953 731 4036 ipsum
754 3971 838 4019 orem
862 3956 958 4021 merie
979 3956 1131 4021 interfecti
1156 3960 1237 4034 suut,

992 4062 1039 4114 oe·
