2944 4660
629 251 691 308 Lib.
712 251 733 310 l.
1101 273 1103 280 ·
1127 249 1167 312 39
1216 195 1228 288 *¹

148 451 185 516 de
210 453 277 517 vita
297 453 391 518 beata
413 453 470 530 23,
503 454 524 514 4
548 455 585 516 et
607 469 644 516 ex
665 449 771 516 volet
791 453 857 518 orto
874 453 911 528 ¹et
931 451 1044 516 uitiosa
1063 451 1148 516 faeta
1169 453 1217 516 est

148 557 242 622 oratio
274 558 326 640 (ot
349 557 513 623 habebit·
538 558 687 639 itaque,
711 557 869 638 ‘copulato
909 558 947 622 et
979 557 1145 639 itaquo¹)
1185 561 1217 622 et

147 663 306 728 sententiae
340 663 513 748 progressio
534 661 671 738 sublate3
693 661 828 745 primum
849 663 932 728 enim
954 681 1008 746 per
1032 681 1065 728 se
1089 661 1215 726 dieitur:
1253 653 1260 664 “

147 765 575 850 sio(sapiens)pauper,si
594 768 764 850 potuerit
781 785 863 834 esee
876 767 1124 850 dinesvoleu
1147 771 1215 834 tum

147 872 333 956 adiungitur,
356 892 417 955 qua
438 873 556 937 natione
577 873 610 938 in
620 873 737 940 divitiis
750 875 784 938 se'
796 875 941 957 gesturus
951 875 1003 938 sit.
1046 875 1126 954 Quid
1149 875 1217 940 vitii

146 979 281 1060 proximo
306 979 407 1060 eapite
429 979 494 1060 (24,
517 981 550 1062 3)
573 979 613 1044 ad
631 979 763 1044 formam
778 978 968 1044 rhetoricam
982 979 1215 1046 habeateadem

115 1098 117 1102 ·
145 1085 296 1166 particula
313 1103 349 1149 en
365 1084 474 1149 iubet
492 1083 569 1161 onte,
586 1087 815 1167 nonenponam.
848 1085 1088 1168 (Hominibus
1107 1085 1215 1168 prod-

147 1206 228 1254 esse
254 1189 394 1255 natura
416 1190 537 1267 iubet3
561 1190 662 1256 servi
691 1190 860 1256 liberine
882 1189 962 1257 sint
987 1189 1041 1267 hi,
1061 1189 1214 1273 ...quie

145 1295 296 1360 referta
334 1297 435 1379 Vulgo
457 1295 582 1372 iubet,
619 1295 881 1373 etsenvioet.)
936 1296 1216 1380 Anoessitedge-

146 1401 345 1466 minationem
374 1399 452 1465 alins
479 1419 561 1466 error
588 1399 670 1482 apud
696 1399 828 1466 eundem
858 1401 890 1466 in
912 1401 991 1466 libro
1014 1400 1051 1464 de
1073 1403 1215 1466 oonstan-

146 1507 186 1570 tie
206 1525 272 1589 sap.
297 1506 327 1584 9,
350 1507 380 1584 2,
402 1507 454 1570 nbi
476 1506 577 1572 editur
597 1505 770 1570 irritatis
797 1507 836 1570 in
857 1524 923 1572 nos
944 1507 1213 1590 potentiorum

146 1613 324 1689 motibus,
360 1612 439 1677 mino
462 1631 535 1678 sano
560 1611 705 1694 loquendi
725 1629 852 1695 genere;
886 1613 941 1676 sed
961 1613 1081 1678 oodioes
1104 1613 1214 1695 optimi

146 1718 258 1783 habent
277 1719 410 1794 motis3
432 1719 530 1784 semel
551 1717 666 1801 scripte
686 1717 837 1782 litteram
859 1719 973 1795 (otis),
995 1719 1146 1786 efficietur
1166 1719 1214 1786 fa·

148 1823 199 1886 oile
220 1825 360 1890 reatum:
403 1823 665 1906 potentiorum
696 1822 804 1888 odiis.
852 1823 944 1906 Apud
965 1825 1096 1890 eundem
1119 1823 1214 1890 Sene-

147 1947 208 1994 cam
230 1928 286 2011 qui
307 1929 339 1992 in
362 1928 452 2012 epist.
477 1929 536 2005 89,
568 1929 607 1991 13
629 1930 794 1994 Ariston
816 1927 935 1994 Chius
957 1930 1129 2012 appellatur
1150 1931 1214 1996 usi·

146 2035 206 2099 tato
227 2035 421 2118 cognomine,
441 2053 501 2116 quo
526 2051 545 2097 a
565 2034 626 2100 Ceo
645 2034 857 2118 distinguitur,
875 2035 965 2118 epist.
980 2037 1031 2112 94,
1053 2037 1214 2117 ipronsus

146 2140 464 2205 inusitateAriston
487 2139 649 2205 Stoicus
669 2139 873 2218 diminutum
884 2141 1056 2222 praesertim
1070 2142 1156 2206 nulla
1170 2141 1214 2206 sit

145 2245 253 2310 scholae
274 2247 377 2330 magis
395 2246 428 2310 in
449 2257 484 2311 eo
506 2265 599 2330 quam
620 2247 653 2312 in
676 2245 825 2312 Cleanthe
848 2243 881 2331 (ξ
892 2248 926 2322 4)
948 2247 1088 2312 nomndae
1110 2265 1213 2316 eausa.

146 2350 202 2416 Sei
216 2369 254 2416 ex
264 2351 401 2432 repetita
414 2353 536 2436 syllaba
554 2354 638 2418 stou
651 2355 759 2418 netum
774 2351 933 2416 Stoicus
946 2353 1003 2428 est,
1016 2371 1087 2418 oum
1099 2352 1214 2418 Seneoa

145 2455 255 2522 Chius
276 2458 460 2539 scripsisset.
503 2457 605 2530 (Alius
617 2458 739 2542 genonis
758 2461 806 2524 est
821 2458 1002 2542 geminatio,
1025 2459 1211 2540 quaeritur,

144 2580 208 2626 enm
235 2562 276 2640 ei,
299 2563 379 2645 quod
400 2583 495 2648 praue
513 2562 665 2646 seriptum
688 2565 752 2640 est,
775 2561 927 2640 librarius,
950 2581 1050 2630 errore
1073 2563 1213 2628 animad-

142 2685 246 2746 varso,
279 2669 399 2734 rectum
431 2669 519 2734 addit
546 2687 615 2736 neo·
630 2670 737 2733 tamen
764 2669 849 2754 prius
878 2669 956 2734 illud
978 2669 1063 2736 delet
1081 2687 1212 2752 parcens

142 2771 243 2850 nitori,
276 2774 429 2856 quomodo
458 2774 540 2857 apud
572 2775 719 2839 Senecam
749 2774 871 2855 qnaestt.
903 2775 967 2838 nat.
1003 2773 1073 2850 VII,
1108 2773 1159 2851 30,
1183 2775 1212 2850 5,

141 2895 206 2942 eum
220 2877 260 2942 ab
280 2879 348 2960 ipso
377 2879 493 2945 Seneca
504 2864 550 2944 sio
564 2881 713 2963 seriptum
725 2881 823 2944 esset:
847 2878 968 2958 Quom
988 2880 1108 2944 multa
1126 2880 1212 2944 ani·

139 2983 949 3070 maliahooprimumnognovimusseoulo!
972 2985 1212 3069 quammulta

140 3107 181 3151 ne
202 3090 272 3154 hoo
294 3089 466 3172 quidem!
484 3091 634 3178 'Multa
655 3091 856 3158 venientis
878 3091 948 3156 aevi
969 3090 1211 3179 populuslig-

140 3195 227 3257 nota
243 3195 357 3259 nobis
378 3196 489 3274 sciet,
504 3197 647 3262 librarius
658 3198 792 3280 primum
804 3195 979 3263 ennehoe
992 3197 1211 3279 effeoitnego-

140 3298 241 3363 tia-
256 3303 289 3365 et
299 3304 417 3367 anatur
428 3302 502 3368 alibi
514 3321 573 3367 non
584 3303 683 3373 multo
694 3301 793 3378 aliter,
805 3339 846 3350 -
858 3302 967 3368 deinde
978 3304 1061 3366 reete
1071 3301 1210 3397 soripsit3

142 3407 170 3469 et
189 3426 270 3470 nnne
291 3417 411 3489 quoque
432 3406 464 3470 in
482 3407 667 3472 editionibus
686 3409 851 3489 utrumque
871 3407 1079 3490 coniungitur:
1102 3427 1210 3490 quam

143 3511 268 3575 multa
289 3513 514 3595 negotiana
535 3513 605 3576 hoo
627 3512 780 3595 quidem
802 3513 959 3578 seculo!
989 3511 1073 3592 Qua,
1095 3533 1207 3597 quaeso,
1293 3597 1295 3600 Ι

142 3618 202 3681 haea
229 3620 279 3682 est
299 3617 549 3700 negotiorum
572 3617 728 3702 sogonna·
754 3619 855 3696 tutuno
877 3617 980 3683 seaulo
1002 3623 1158 3686 reservata
1179 3625 1210 3685 et

162 3862 183 3932 ¹)
207 3863 398 3923 Beatissimnm
416 3871 464 3934 est,
483 3884 517 3924 ne
535 3867 596 3938 quis
614 3883 657 3922 me
675 3865 790 3922 oblitum
810 3865 912 3922 eredat:
932 3867 1051 3935 itaque
1069 3869 1104 3920 et
1123 3905 1149 3923 a.
1166 3871 1208 3921 et.

213 3962 246 4012 et
263 3999 290 4014 ..
307 3959 422 4029 itaque
441 4001 466 4016 ..
485 3963 533 4025 ot,
551 3961 602 4016 hoo
625 3959 734 4030 qnidam
753 3957 826 4028 apud
842 3973 895 4022 eos,
910 3957 1075 4026 qniomnino
1087 3961 1210 4031 itaque

212 4052 285 4105 extre
301 4051 418 4120 primum
435 4052 523 4108 losum
541 4055 654 4121 ponunt.
