2944 4660
599 257 658 316 Lib.
677 261 699 316 1.
1118 259 1159 324 35

130 469 192 530 eie
203 458 295 548 ὁρμή
317 458 405 546 πρὸς
421 457 460 528 τό
474 463 599 546 πρᾶξαι
614 459 773 557 (quoniam
786 460 819 526 in
831 461 942 526 eatena
953 461 1045 528 rebus
1056 481 1117 528 non
1129 481 1201 528 eon-

127 573 213 636 tinno
234 569 472 638 admirationem
486 567 562 632 faeti
577 565 717 650 sequitur
728 566 866 632 studium
876 565 1032 650 faciendi).
1078 566 1200 634 Omisso

129 679 182 743 ἐπὶ
206 676 370 762 genetivus
381 687 442 738 non
464 673 568 748 habet,
592 671 672 736 unde
685 669 827 754 pendeat,
846 671 1056 755 sententiaque
1068 673 1203 755 expediri

127 781 333 869 grammatice
349 779 472 844 omnino
488 766 603 862 nequit
648 775 801 841 Diodorus
827 777 948 842 Sierrlus
970 777 1055 850 XIV,
1077 779 1128 858 53,
1149 779 1203 844 ubi

129 891 164 955 de
189 889 317 970 Motya,
340 883 453 950 Sieiliae
484 883 576 958 urbe,
610 900 629 945 a
659 875 808 966 Dionysio
832 884 864 948 et
886 882 1087 966 Syracusanis
1112 888 1203 967 eapte

130 996 244 1070 narrat,
268 991 446 1056 Sicilienses
462 988 579 1054 dixerat
601 979 763 1070 ὠμότητα
786 981 811 1052 ω’
817 979 969 1071 pecinnae
991 981 1203 1070 σπεύδοντας

132 1094 331 1187 ἀμύνεσθαι
343 1114 449 1160 omnes
461 1095 527 1160 sino
539 1093 715 1158 discrimine
737 1093 801 1160 ullo
823 1112 913 1159 serus
935 1095 990 1158 aut
1005 1097 1107 1165 aetatis
1120 1109 1202 1172 oeni·
1297 1145 1301 1158 ·

130 1209 224 1274 disse.
286 1200 410 1267 Omissa
438 1217 518 1263 nuno
547 1190 696 1281 piperisque
726 1197 882 1264 sententia
910 1218 1005 1283 praua
1038 1209 1102 1284 est;
1130 1229 1203 1278 nam

133 1314 220 1398 πρός
241 1307 282 1378 τὸ
305 1296 506 1391 ἀμύνεσθαι
530 1297 690 1388 ω’μότητα
706 1304 789 1382 ¹nihil
809 1323 885 1386 opus
908 1289 1203 1390 estipsnmsaeuire.

133 1419 265 1501 Propter
284 1415 366 1478 hane
388 1409 519 1494 deniqne
542 1409 664 1475 errandi
686 1429 812 1476 eausam
826 1429 886 1476 non
901 1413 1006 1493 paucis
1019 1417 1203 1502 scriptorum

134 1524 209 1590 loeis
231 1521 305 1605 post
327 1509 370 1601 δή
390 1517 447 1580 ant
468 1516 503 1581 δέ
524 1515 636 1582 exeidit
659 1516 725 1595 δεῖ,
756 1516 794 1580 de
816 1533 875 1599 quo
886 1518 997 1583 mendo
1008 1521 1082 1588 alibi
1093 1524 1203 1594 dieam.

135 1628 225 1713 Apud
239 1626 396 1692 Iustinum
419 1624 467 1702 (ut
488 1621 528 1686 ad
542 1621 669 1687 Latinos
691 1623 919 1706 convertamur)
940 1622 1009 1702 XV,
1031 1627 1061 1706 2,
1086 1629 1105 1692 8
1128 1633 1205 1697 seri.

135 1735 216 1799 bitur
236 1749 400 1816 perverse:
434 1729 476 1792 ut
498 1729 712 1812 appareret
732 1746 795 1793 eos
818 1731 895 1792 'non
914 1729 1011 1808 odii,
1039 1734 1103 1798 sed
1125 1735 1205 1822 dig-

137 1837 279 1904 nitatis
309 1835 442 1920 gloria
468 1851 668 1909 aeoensos,
701 1832 783 1924 quod
802 1833 923 1916 Ieepius
951 1834 1148 1919 (aXml,5,
1173 1843 1205 1928 1)

136 1945 211 2010 mire
233 1941 339 2008 neseio
361 1939 617 2024 quaneugmatis
641 1937 741 2022 figura
762 1941 896 2018 erousat,
919 1942 1007 2022 quasi
1029 1963 1065 2009 er
1079 1948 1206 2030 gloria

137 2049 213 2114 abus
246 2045 402 2114 ablativus
435 2045 474 2110 ad
500 2043 584 2111 odii
619 2043 701 2109 sumi
737 2045 852 2126 possin
886 2063 941 2110 nee
976 2049 1082 2114 tamen
1115 2053 1206 2120 odio

140 2153 344 2229 scribendum,
357 2151 422 2230 sed,
433 2151 591 2236 geminata
600 2149 718 2226 littera'
739 2167 819 2214 non
840 2150 966 2229 odiis,
989 2155 1067 2220 sed.
1114 2158 1206 2242 Apud

139 2261 284 2326 Seneeam
305 2258 345 2322 de
366 2255 524 2340 tranquill.
547 2255 643 2320 animi
665 2254 729 2333 6,3
754 2256 835 2339 quod
857 2255 974 2322 editur:
1017 2261 1124 2328 alius
1149 2263 1206 2328 in-

24 2407 26 2460 3
139 2367 299 2430 firmum
332 2381 472 2446 eorpus
504 2362 703 2427 laborioso
731 2363 884 2446 pressit
917 2363 1074 2444 offitio,
1109 2387 1206 2452 neque

24 2521 26 2532 .
139 2487 423 2552 persepremere
440 2485 578 2550 eorpus
600 2466 827 2532 ofiieioreote
838 2467 950 2534 dieitur
961 2487 1057 2552 neque
1068 2461 1145 2538 satis
1157 2493 1208 2538 er-

140 2575 262 2659 primit‚
286 2575 339 2658 qui
365 2573 494 2656 exprimi
515 2572 617 2650 debet,
640 2573 783 2650 effectum
804 2573 851 2638 rei
872 2577 904 2639 et
925 2579 1084 2652 eventum3
1107 2577 1134 2644 is
1157 2599 1209 2646 er·

140 2681 299 2764 primetnr,
322 2680 350 2744 si
364 2679 413 2744 bis
425 2679 570 2760 seriptae
585 2680 772 2766 etperunt:
794 2679 996 2746 laborioso
1018 2685 1210 2764 oppressit

142 2784 326 2878 oilioi01).
384 2784 520 2850 Velleius
542 2783 663 2848 Patere.
691 2783 733 2856 ΙΙ,
755 2784 810 2862 88,
834 2785 853 2846 2
877 2785 914 2851 de
935 2785 979 2850 M.
1003 2787 1113 2870 Lepidi
1136 2807 1210 2855 oon-

143 2890 218 2956 siliis
248 2890 385 2973 Arrgnsd
413 2889 617 2954 interfieiendi
644 2908 663 2954 a
691 2887 860 2954 Maeeenate
887 2892 1040 2973 oppressis
1062 2912 1143 2958 nune
1165 2898 1210 2962 sie

144 3014 265 3059 narrare
289 2995 421 3073 videtur,
442 2995 529 3078 qnasi
551 2995 590 3060 ob
613 2994 681 3076 ipsa
703 2993 758 3058 illa
776 3013 815 3060 eo
840 2996 966 3063 demum
984 3000 1132 3081 tempore,
1154 3021 1212 3086 qno

146 3120 179 3165 ea
198 3102 278 3166 inita
300 3102 414 3179 essent,
435 3101 588 3166 Maecenas
610 3099 680 3164 urbi
699 3101 880 3182 prepositus
902 3101 945 3167 eit
966 3103 1084 3182 (Tune
1104 3108 1212 3175 urbis

147 3205 338 3272 custodiis
360 3205 599 3289 praepositbs
621 3205 655 3270 G.
681 3205 902 3289 Maeeenas);
926 3226 1031 3294 verum
1054 3212 1086 3275 et
1107 3231 1144 3278 ex
1164 3215 1213 3279 hi·
1250 3239 1254 3246 ¹

147 3311 238 3376 storia
249 3313 372 3377 constat
383 3313 416 3377 et
426 3329 463 3376 ex
473 3312 590 3394 reliqua
601 3311 697 3394 ipsius
709 3312 818 3376 Velleii
829 3313 1005 3378 narratione
1016 3319 1213 3399 perspicuum

148 3417 202 3494 est,
225 3417 441 3494 Maecenatem,
464 3435 535 3482 oum
556 3417 619 3482 iam
641 3416 855 3499 prideminea
871 3421 1026 3499 potestate
1040 3426 1131 3502 esser,
1153 3426 1214 3492 Le-

148 3523 210 3605 pidi
231 3523 362 3588 consilia
383 3523 568 3606 eomperisse
592 3526 624 3588 et
641 3523 835 3606 praevenisse.
882 3523 981 3589 Recta
1002 3529 1216 3598 omniserunt

150 3629 289 3694 retinetis
312 3629 454 3711 quattuor
474 3628 604 3706 litteris,
627 3647 695 3712 qnae
715 3629 762 3692 bis
786 3627 880 3692 soribi
902 3629 1086 3699 debuerant:
1130 3656 1215 3702 eon·

171 3864 196 3930 ¹)
224 3866 316 3921 Etiam
335 3863 406 3935 apud
418 3863 557 3919 Valldax.
569 3863 616 3927 lV,
627 3866 652 3926 6,
671 3865 688 3918 3
706 3861 835 3938 debuerat
848 3863 937 3916 teneri
955 3863 989 3918 ab
1008 3867 1125 3934 Halmio,
1145 3875 1217 3942 quod

221 3959 250 4012 in
280 3957 369 4012 codiee
397 3955 487 4026 aliquo
510 3953 679 4024 suffigendo,
708 3953 754 4009 sed
778 3957 849 4009 reete
872 3956 1028 4026 corrigendo
1054 3965 1144 4018 ortum
1167 3969 1217 4035 eat,

224 4050 335 4105 morbo
354 4063 516 4120 oppressa
534 4064 582 4117 pro
601 4061 726 4116 pressa
838 4059 843 4064 '

983 4173 1019 4229 3*
