2944 4660
632 271 693 328 Lib.
712 273 735 328 1.
960 267 964 278 '
1123 275 1161 338 19

141 467 268 550 aqualia
276 465 542 551 permutabuntur,
565 472 726 538 sedetiam
743 490 838 555 prope
853 471 990 555 aqualia.
1015 472 1109 538 Velut
1123 474 1206 556 quod

141 574 218 656 apud
239 575 445 640 Plutarchum
467 575 504 640 de
527 577 694 642 cohibenda
715 578 763 642 ira
784 595 811 642 c.
841 577 881 640 15
908 577 965 660 (p.
978 577 1040 640 463
1061 578 1102 656 Α)
1117 579 1206 644 inter

140 677 273 756 affectus,
303 680 487 762 quibuscum
508 682 556 747 ira
576 684 787 765 comparatur,
819 701 874 764 pro
894 683 1005 748 timore
1028 686 1205 752 nominatur

139 784 233 849 caedes
251 778 377 868 (φόνου
397 788 430 852 dt
447 790 502 853 not
514 790 634 875 χείρων
650 790 786 872 ἐσκίρτα
808 779 931 872 φόβον,
952 805 1129 874 quanquam
1140 792 1205 858 cul-

138 890 195 954 lide
213 893 365 957 vertendo
380 895 579 960 substituitur
600 894 804 965 homicidii
825 894 1046 972 attentatio,
1069 897 1156 978 quasi
1177 897 1204 964 is

138 997 264 1062 affectus
276 999 340 1080 rit),
352 1017 412 1062 non
424 1017 497 1063 sane
511 1017 548 1064 er
558 999 762 1066 similitudine
773 999 947 1064 litterarum
956 1001 1034 1066 Bet
1046 1003 1204 1068 Nnatum

139 1103 191 1178 ost,
203 1101 263 1167 scd
276 1122 312 1168 ex
325 1104 461 1169 totamm
482 1124 603 1182 vocum,
624 1105 762 1188 itemque
784 1104 865 1187 quod
883 1103 1204 1187 apudXenophontem

138 1207 205 1272 hist.
223 1229 274 1293 gr.
288 1209 342 1285 VI,
366 1209 395 1286 5,
415 1208 436 1270 3
457 1227 512 1289 pro
536 1202 643 1275 πόλιν
658 1210 882 1295 (ἐψηφίσαντο
905 1211 991 1294 μίαν
1012 1203 1119 1277 κιεῖλιν
1140 1207 1205 1297 τήν

44 1383 51 1412 ρ
138 1315 355 1382 Μαντίνειαν
372 1327 491 1378 ὓποιεῖν
513 1318 568 1382 καὶ
590 1318 745 1402 τειχίζειν
766 1313 831 1399 τήν
849 1311 964 1397 πόλιν)
987 1315 1135 1399 scriptum
1157 1319 1205 1384 est

138 1418 239 1486 πόλιν
264 1439 335 1485 cum
358 1420 471 1486 vitiosa
486 1421 623 1487 eiusdem
634 1423 717 1488 vocis
733 1422 917 1504 repetitione
933 1422 966 1486 et
985 1421 1147 1488 obscurato
1159 1441 1204 1503 eo,

139 1525 214 1610 quod
235 1526 333 1609 caput
355 1525 400 1589 rei
428 1528 508 1605 erat,
543 1528 574 1592 et
602 1527 684 1610 quod
713 1527 795 1610 apud
815 1527 984 1592 Lucienum
1001 1526 1141 1592 Hermot.
1163 1528 1204 1592 30

137 1632 166 1696 in
186 1651 219 1696 rc
242 1630 440 1714 apertissima
459 1650 514 1713 pro
530 1625 692 1698 εἰπόντων
714 1630 813 1711 (ὥστε
836 1632 899 1698 οὐκ
922 1632 1022 1718 ἐχρῆν
1043 1625 1204 1702 εἰπόντων

138 1728 424 1824 καταγιγνώσκειν
446 1730 524 1803 οὐδὲ
551 1732 683 1824 ἐρήμην
705 1734 806 1823 ἡμῶν
831 1738 1065 1815 καταδιαιτᾶν)
1087 1740 1203 1805 substi-

135 1845 235 1908 tutum
271 1844 320 1907 est
345 1834 519 1908 ἁπάντων.
554 1845 644 1927 (Pars
676 1865 714 1910 an
741 1861 846 1910 omnes
877 1843 1133 1922 condemnentur,
1163 1845 1204 1910 ad

136 1969 197 2013 rem
223 1967 288 2012 non
317 1949 473 2032 pertinet.)
527 1949 640 2016 Contra
660 1951 693 2015 in
716 1953 755 2018 11
774 1951 806 2015 et
832 1950 914 2014 Tin
943 1951 1024 2014 certo
1046 1951 1203 2033 scripturae

137 2071 247 2136 genere
271 2051 442 2120 similitudo
465 2056 604 2138 ipsarum
626 2056 802 2121 litterarum
822 2053 926 2120 valere
947 2054 1064 2136 potuit,
1092 2055 1203 2138 quibus

137 2159 320 2241 permutatis
348 2158 431 2241 apud
451 2159 611 2226 Platonem
635 2161 667 2224 in
690 2159 842 2245 symposio
861 2179 892 2242 p.
915 2159 977 2222 200
997 2159 1028 2224 Α
1054 2159 1203 2242 scriptum

138 2267 181 2329 est
207 2260 294 2331 ὅταν
321 2283 376 2348 pro
399 2261 489 2331 ὅπου
511 2261 675 2352 (φύλαξον
701 2258 795 2350 παραὶ
825 2258 937 2350 osdago
967 2269 1202 2350 μεμνημένος,

138 2364 240 2448 ὅπου,
265 2388 427 2449 mernor,¹
448 2372 515 2438 ubi
537 2372 776 2450 condideris,
797 2374 839 2436 ut
865 2371 1090 2454 depromere
1117 2391 1205 2456 pos·
1315 2368 1319 2382 “

139 2477 204 2553 sis3
228 2493 369 2540 amorem
393 2495 516 2561 semper
538 2497 607 2544 esse
620 2477 759 2556 alicuius,
782 2477 900 2542 dictum
922 2480 998 2555 erat,
1020 2495 1092 2555 non,
1117 2477 1202 2542 ouius

138 2582 248 2664 esset;)
272 2581 358 2644 etin
381 2581 496 2667 Gorgia
517 2605 546 2668 p.
570 2585 632 2646 485
653 2585 679 2647 E
702 2584 902 2666 dromedarie
931 2603 986 2664 pro
1014 2582 1205 2666 decepissem

140 2689 203 2763 luci
227 2679 334 2770 φύσιν
356 2689 467 2774 ψυχῆς
484 2677 547 2754 ὦδε
563 2690 728 2776 γενναίαν
743 2683 961 2775 μειρακιώδει
986 2689 1053 2753 τινὶ
1077 2689 1205 2773 διατρέ-

139 2819 214 2865 neec
236 2785 457 2877 μορφώματι,
480 2797 672 2876 pervertis
696 2799 732 2861 ct
753 2797 981 2872 dedecoras;
1006 2813 1129 2877 prorsus
1150 2796 1206 2861 ab·

140 2899 228 2962 surde
253 2900 286 2962 et
307 2899 372 2962 sine
394 2899 458 2964 ulla
480 2919 554 2965 vera
570 2904 724 2968 sententia
749 2903 860 2967 dicitur
878 2893 981 2984 φύσιν
1003 2899 1206 2982 διαπρέπειν
1288 2971 1291 2978 ,

139 3000 361 3088 μορφώματι)
395 3006 427 3068 et
453 3005 514 3070 alia
529 3006 615 3072 ‚abbi
641 3012 792 3091 corrupta.
845 3007 1009 3072 Suetonius
1036 3006 1142 3072 Claud.
1164 3009 1206 3070 44

141 3110 307 3192 scripserat
329 3109 368 3173 de
389 3113 487 3174 morte
510 3110 629 3178 Claudii
654 3115 693 3178 ab
714 3114 884 3198 Agrippina
905 3113 1067 3178 festinata:
1097 3113 1205 3178 Prius
1238 3117 1239 3124 ’

140 3215 277 3298 igitur,
313 3233 420 3298 quam
443 3217 545 3282 ultra
566 3219 878 3303 progrederetur,
910 3219 1122 3300 praereutus
1150 3220 1208 3283 est

141 3321 184 3384 ab
206 3321 442 3404 Agrippino,
472 3341 580 3405 quam
602 3325 836 3406 praeterhac
859 3323 1097 3388 conscientia
1117 3342 1206 3406 quo-

142 3444 209 3506 que
238 3445 307 3490 nec
332 3426 453 3492 minus
477 3426 666 3493 delatores
695 3431 900 3495 multorum
924 3428 1121 3494 criminum
1142 3449 1207 3494 ur-

142 3530 326 3613 guebant,
352 3531 467 3610 idest,
495 3533 535 3598 ad
556 3522 765 3598 festinandum
786 3533 995 3615 impellebant.
1051 3532 1207 3599 Substitu-

143 3635 209 3700 tum
232 3640 281 3701 est
303 3637 522 3718 arguebant.
580 3639 665 3703 Num
685 3639 781 3724 igitur
801 3639 865 3716 illa,
888 3655 955 3719 quae
977 3638 1069 3702 autea
1097 3634 1207 3705 Sueto-

142 3741 210 3805 nius
226 3742 265 3806 de
277 3740 407 3806 Claudio
427 3744 540 3822 namet,
553 3745 757 3829 Agrippinam
772 3727 1037 3827 argueb'antlb
1058 3744 1208 3811 Abstineo

165 3967 189 4033 ¹)
208 3955 380 4022 Contrmium
408 3968 532 4022 mendum
557 3969 786 4038 (urguebatur
815 3985 865 4038 pro
887 3965 1113 4040 arguebatur)
1138 3974 1210 4044 apud

214 4058 338 4114 Tacitum
359 4075 421 4114 ann.
439 4059 487 4124 Vl,
506 4063 540 4116 29
559 4063 619 4128 (35)
638 4060 778 4115 Ernestius
797 4061 918 4118 sustulit.

934 4149 967 4200 2*
