3014 4666
647 253 707 306 Lit.
726 253 764 308 li.

629 449 714 530 (lap.
737 451 783 514 11.
832 460 843 474 '

432 609 435 618 ’
514 615 720 670 Emendationee
738 607 896 686 Euripidem.

234 793 236 800 ·
273 769 318 833 Er
329 770 482 852 Euripidis
496 769 609 834 sabulis
625 772 732 836 notum
748 770 797 834 est
808 787 930 842 novem,
951 787 1018 850 quse
1042 761 1234 834 eontinentur

173 873 330 938 codicibus
355 875 521 950 Marciano,
549 875 708 951 Vaticano,
736 873 922 950 liconiensi,¹
940 873 1103 938 certiorem
1124 875 1235 947 habere

173 978 322 1052 librorum
342 980 567 1052 auctoritatem,
590 981 707 1044 ceteras
722 980 897 1044 inferiorem
912 979 1054 1042 codicum
1065 979 1235 1056 Florentiui

173 1085 206 1147 ct
229 1083 365 1148 Palatini
393 1088 447 1149 ant
473 1084 567 1150 etiam
594 1085 720 1149 alterius
744 1087 881 1160 tantum,
910 1103 977 1166 quae
1000 1084 1179 1148 coniecturae
1201 1087 1236 1150 ut

172 1191 276 1254 locum
303 1196 396 1271 saepe.
417 1191 486 1266 det,
521 1189 566 1254 ita
594 1190 828 1256 fundamentum
864 1190 1033 1256 subtrahat.
1063 1187 1066 1196 '
1092 1190 1234 1255 Tractavi

172 1297 277 1358 autern
299 1295 376 1363 alias
399 1295 520 1378 saepius,
543 1295 704 1364 nonnullas
726 1296 821 1362 etiam
837 1294 1015 1370 enarrando,
1038 1295 1114 1360 alias
1136 1295 1233 1359 rarius

173 1400 233 1482 legi
256 1405 289 1464 et
310 1400 377 1464 sine
398 1399 452 1464 illo
473 1400 577 1464 omnia
591 1400 723 1464 rimandi
736 1401 947 1470 incitamento,
970 1418 1006 1464 er
1027 1418 1085 1481 quo
1106 1419 1232 1464 numero

169 1509 261 1581 sunt,
291 1525 362 1588 vqueo
389 1506 496 1586 primae
524 1506 693 1572 offeruntur
724 1505 896 1570 litterarum
919 1505 1057 1569 ordinem
1081 1497 1231 1587 sequenti.

172 1611 290 1693 Itaque,
311 1625 393 1685 curn,
416 1629 482 1693 qum
504 1611 649 1676 haberem
670 1612 703 1676 in
725 1610 914 1692 marginibus
929 1611 1075 1674 annotata
1096 1612 1132 1672 ut
1152 1629 1233 1685 mea,

171 1735 260 1789 nunc,
286 1715 635 1792 adhibitisKircbhoffii
657 1715 798 1791 Nauokii,
820 1716 858 1780 G.
871 1715 1025 1778 Dindorfii
1038 1713 1230 1788 editionibus,

172 1823 389 1903 perlustrarem
423 1829 507 1896 (nam
522 1820 704 1914 mummi,
737 1839 797 1902 qua
823 1821 896 1884 olim
920 1837 1002 1882 eram
1032 1839 1119 1896 usus,
1154 1839 1232 1884 nunc

168 1927 320 2009 inspicere
341 1925 439 1990 otium
461 1943 520 1990 non
543 1915 637 2003 crat),
665 1925 696 1990 in
715 1926 872 1992 Alcestide
894 1925 971 1990 nibil
991 1924 1124 2006 repperi,
1153 1925 1231 2007 quod

170 2047 230 2096 non
252 2031 330 2098 elius
352 2032 562 2114 praeripuisset
593 2031 700 2109 (otiam
729 2031 864 2104 minuta,
896 2032 932 2093 ut
960 2049 989 2092 r.
1013 2031 1073 2090 526
1102 2036 1135 2101 ος
1163 2024 1231 2096 τότ’

170 2155 225 2218 pro
248 2142 282 2207 ἐς
304 2129 374 2202 uo'd'
393 2135 627 2213 WakefieldiUS,
665 2156 692 2200 v.
717 2138 776 2197 713
798 2136 937 2220 μείζονα
960 2155 1014 2217 pru
1037 2128 1164 2216 μείζον’
1188 2133 1230 2199 ἄν

168 2241 397 2322 sedulorum»,
418 2243 450 2304 in
473 2241 736 2322 proximalabula
757 2253 863 2306 unumr

270 2345 422 2410 Androm.
446 2365 474 2410 v.
496 2347 573 2410 398:
619 2341 704 2430 αόἂρ
728 2350 761 2412 rr'
789 2342 883 2413 τοῦτ’
915 2341 1101 2431 ὀδύρομαι,
1132 2348 1171 2411 ru'
1202 2341 1231 2411 δ’

1027 2460 1062 2518 ἐν
1081 2454 1188 2541 ‘mccl-v

347 2551 409 2621 οὐκ
431 2547 593 2638 ἓξικοάζω
617 2560 870 2645 καὶ·λογο’ζομοι
895 2555 997 2646 κοκάς

270 2662 329 2725 Pro
352 2657 524 2746 ἐξικμάζο,
554 2666 635 2748 qnod
663 2670 839 2748 corruptum
863 2683 929 2730 esse
952 2665 1085 2738 constat,
1120 2665 1229 2727 enoto

167 2769 273 2830 autem
285 2769 376 2832 verbo
388 2767 527 2849 ἐξετάζω
540 2771 640 2834 ortum
653 2789 726 2836 essa
738 2770 942 2852 improbabile
953 2771 1009 2844 est,
1035 2767 1228 2834 scribendum

168 2871 289 2936 videtur
311 2862 542 2958 έκλικμοέζω
571 2876 700 2948 (ventilo
727 2878 759 2940 et
779 2875 935 2957 pondero).
988 2875 1123 2938 Verbum
1146 2894 1230 2939 coru-

168 2977 306 3050 positum
324 2979 406 3061 apud
425 2979 586 3048 inferiores
603 2979 727 3044 demum
742 2982 901 3062 reperitur,
924 2979 978 3043 sad
1001 2981 1129 3063 irnperio
1149 2981 1230 3062 apud

168 3083 319 3165 antiquos,
341 3086 479 3168 impiger
502 3085 582 3167 apud
598 3061 799 3169 Hesychirm
822 3086 873 3167 qui
895 3079 980 3168 α’λοᾷ
1003 3087 1228 3166 interpretatur,

165 3187 203 3248 ut
224 3185 337 3266 opinor,
360 3209 414 3270 pro
439 3183 596 3273 λικμοὶζο.

182 3331 184 3336 -
212 3332 215 3337 -
268 3290 466 3362 Baccharum
498 3316 526 3360 v.
550 3296 625 3372 tw,
654 3298 730 3360 271:
773 3291 906 3379 θρασύς
938 3323 973 3361 re
1003 3290 1147 3369 δυνατός
1175 3301 1228 3362 καὶ

823 3406 931 3488 λέγειν
953 3395 1025 3475 οἷός
1047 3397 1075 3467 τ’
1100 3396 1187 3486 αὀήο

301 3503 403 3600 aanor
424 3506 567 3589 πολίτης
587 3507 738 3591 γίγνεται
761 3510 846 3586 endu
867 3502 930 3574 οὐκ
953 3517 1044 3596 ἔχων.

198 3667 220 3736 ¹)
240 3665 324 3738 Optat
351 3671 438 3723 iratus
456 3671 587 3730 Admetus
604 3672 711 3726 Phereti
737 3678 777 3738 (et
796 3677 872 3741 optat
892 3673 1070 3743 hyperbolice)
1095 3673 1229 3728 infinitam

239 3759 267 3812 e't
285 3743 414 3827 enervrr‘m,
435 3765 466 3814 ut
485 3761 605 3830 Tithoni,
631 3769 811 3828 senectutem,
838 3766 1084 3834 interrogatusque,
1111 3768 1229 3836 parenti·

239 3851 416 3905 busnefldiras
447 3845 586 3921 imprecari
615 3856 713 3910 audeat
742 3862 811 3925 (quae
834 3857 915 3910 nullae
940 3862 1003 3910 sunt
1034 3859 1063 3910 iri
1087 3857 1229 3926 potentiali

240 3943 399 4010 predicandi
408 3944 492 3997 {orme
501 3944 570 4016 ζῴης
580 3943 636 4011 ἄν),
657 3948 799 4015 respondet
812 3965 840 4002 sa
853 3951 892 4002 ita
906 3953 1019 4018 optasse,
1034 3947 1231 4017 quodrvidisset

239 4038 342 4102 patrem
360 4040 469 4104 pauperi
488 4039 551 4108 βίον
570 4027 646 4106 dciv.
