3004 4676
301 257 362 318 496
725 261 784 316 Lib.
803 263 851 318 IV.

257 457 337 540 quod
359 457 498 523 additum
526 461 574 524 est
604 459 659 524 ιω
693 431 851 542 ιωωρω,
887 464 922 526 ω
954 461 1036 545 apud
1057 462 1192 548 τοτυμ.
1216 465 1259 541 11,
1282 464 1325 526 10

259 565 333 628 extr.
357 566 467 639 ἔλεξεν
490 562 811 650 οοπιιρῒοπιιρήνει.

358 670 425 735 lbd.
449 671 489 731 28
511 671 604 733 em:
638 658 737 735 αόται
768 672 802 736 δὲ
836 676 882 749 (αἱ
911 673 1035 757 κῶμαι)
1066 667 1129 746 τοίς
1159 677 1226 757 μὲν
1249 687 1323 746 τοῖς

257 772 455 862 ὑποζυγίοις
478 770 684 860 καταβάσεις
711 776 801 862 εἶχον
830 771 993 862 όρυκτός,
1025 773 1087 851 τοὶς
1109 778 1143 843 δὲ
1165 791 1237 850 τοῖς
1258 772 1323 854 α’ν-

259 878 354 965 δριίοι
380 873 463 944 κατοί
487 874 663 966 κλιμιίκων
684 896 758 955 ταῖς
788 886 911 957 οἰκίαις
942 885 1241 972 ἐγκατσβαίνουσι·
1278 876 1320 947 τό

257 1013 293 1054 τε
315 980 518 1071 βοσκήματα
544 982 737 1072 τρεφόμενα
767 984 891 1075 χόρτῳ,
922 1004 994 1064 τοῖς
1016 983 1046 1056 δ’
1068 985 1209 1072 α’νδροίοι
1234 991 1320 1056 πολ-

257 1089 322 1179 λήν
354 1088 531 1178 α’φθονίαν
569 1087 709 1160 πόντων
747 1096 815 1160 τῶν
847 1091 935 1181 πρός
961 1092 999 1163 τό
1028 1097 1088 1181 ζῆν
1116 1089 1320 1182 α’ναγκαίων.

199 1201 219 1278 .'
257 1202 458 1267 Scribendum
481 1200 617 1264 videtur:
641 1195 702 1273 τός
725 1201 758 1264 δὲ
778 1213 849 1273 τοῖς
871 1195 1012 1287 α’νδροίοι
1037 1197 1121 1268 κατοί
1146 1197 1323 1286 κλιμοίιιων
1366 1275 1368 1284 ‚

256 1315 295 1382 ἐς
316 1301 388 1380 τός
409 1307 566 1379 οἰκίας·
591 1312 634 1371 ἐν
656 1307 696 1370 δὲ
712 1299 992 1392 ταῑςοίκίαιςήν
1014 1308 1318 1392 καταβαίνουσι

255 1410 298 1480 τό
329 1441 366 1480 τε
397 1407 600 1499 βοσκήματα
635 1407 827 1496 τρεφόμενα
860 1410 966 1499 χόρτῳ
1008 1427 1079 1487 τοῖς
1111 1408 1140 1480 τ’
1177 1405 1320 1499 σῖνδρόσι

255 1515 390 1608 πολλή
412 1513 599 1603 α’φ-θονία
622 1543 650 1583 κ.
673 1543 700 1583 τ.
726 1520 754 1583 λ.

352 1627 420 1694 Ibd.
442 1628 480 1688 31
512 1629 603 1691 em:
638 1619 704 1708 τήν
737 1627 991 1709 παρακειμένην
1028 1617 1321 1710 Θρᾳκιόνπόλιν.

252 1733 434 1799 Tollendum
455 1733 558 1815 potius
581 1726 685 1797 πόλιν
707 1749 798 1812 quam
820 1731 851 1794 in
873 1725 984 1815 χώραν
1006 1729 1198 1796 mutandum.

352 1838 418 1903 Ibd.
440 1839 482 1900 40
503 1837 651 1919 scriplum
674 1835 775 1900 lheral
795 1836 834 1900 οδ
866 1837 945 1902 hanc
974 1838 1122 1903 formam:
1154 1831 1317 1920 παρώρ-

251 1969 341 2027 μων
363 1945 397 2010 δὲ
419 1943 486 2008 των
506 1935 678 2028 Ῥηγίνων
704 1935 808 2012 τούς
841 1943 1197 2027 παρακαλοῦντας
1228 1935 1322 2027 πρός

251 2044 314 2116 τόν
338 2041 492 2132 πόλεμον
514 2043 576 2114 οὐκ
599 2040 752 2133 ἐλόχιοτα
789 2049 842 2113 καί
877 2053 908 2113 οἱ
943 2049 1217 2133 φυγαδευθέντες
1248 2049 1321 2114 τῶν

253 2157 479 2240 Συρακοσίων.
516 2154 611 2220 (λοδδ.
635 2150 728 2238 παροί
751 2155 819 2218 τόν
839 2149 1011 2240 Ῥηγίνων
1035 2150 1205 2240 λαβόντας
1227 2149 1316 2240 πρός

249 2257 311 2327 τόν
333 2255 489 2344 πόλεμον
512 2285 539 2325 κ.
553 2285 580 2325 τ.
594 2262 622 2324 λ.
660 2261 775 2325 Eodem
797 2263 896 2344 capilo
918 2261 1008 2342 paulo
1029 2263 1098 2344 post
1119 2262 1317 2328 scribendum

249 2365 384 2432 videtur:
422 2364 508 2451 πρός
530 2359 610 2437 τοιίς
632 2360 733 2449 όρους
756 2369 817 2450 τῆς
845 2369 1089 2452 Μεσσηνίας
1109 2369 1217 2447 (οοδδ,
1245 2367 1315 2432 edd.

252 2467 462 2557 Μεσσήνης),
498 2473 534 2535 ut
565 2471 681 2552 aliquot
702 2473 840 2540 versibus
861 2475 933 2556 post
962 2475 1120 2540 son'bitur:
1154 2477 1210 2540 ἐπὶ
1233 2471 1320 2546 τούς

189 2623 193 2632 «
250 2575 350 2663 ὅρους
372 2578 433 2662 τῆς
454 2578 673 2662 Συρακοσίας.

349 2684 417 2749 Ibd.
440 2687 495 2745 46:
529 2678 592 2756 τοίς
621 2685 705 2754 ναός
726 2679 899 2769 γεμούσας
922 2684 1081 2767 φορτίων,
1107 2673 1153 2749 σίν
1174 2679 1315 2749 ἅπαντα

250 2785 456 2878 διεφόρησαν
479 2793 511 2854 οἱ
535 2783 748 2874 Συρακόσιοι.
803 2789 918 2866 Βατία,
952 2789 1074 2855 sublata
1102 2789 1316 2874 geminalione

249 2899 391 2982 syllabae:
414 2896 574 2983 φορτίων,
598 2891 621 2960 δι’
642 2888 790 2960 ποίντα.

348 3003 414 3068 Ibd.
439 3003 496 3065 52:
535 3003 589 3068 καί
623 3001 770 3086 μα’λιοτα
805 2994 1056 3086 α’πογινείσκειν
1089 2998 1197 3063 ἐποίει
1232 2993 1317 3070 τούς

249 3109 410 3180 Φοίνικας
431 3103 470 3173 τό
494 3100 595 3190 ω’μώς
611 3111 836 3193 κεχρημένους
851 3119 922 3179 τοῖς
944 3106 1013 3170 τών
1033 3097 1209 3188 Ἑλλήνων
1228 3097 1316 3188 ήλω·

169 3200 173 3209 ’
249 3209 361 3290 κόοιν,
390 3221 425 3279 οἳ
445 3205 551 3277 ταύτό
575 3208 791 3298 προσεδόκων
813 3213 1008 3278 πείσεσθαι.
1060 3209 1253 3293 (Dindorfius
1279 3209 1314 3273 in

247 3321 294 3387 ed.
318 3322 340 3382 4
360 3313 560 3405 ήλωκόσιν*,
583 3316 618 3384 οί
636 3327 655 3395 .)
700 3317 915 3383 Son'bendum:
939 3319 993 3382 καί
1015 3310 1165 3403 μάλιστα
1190 3310 1314 3402 οἷπογι-

247 3419 389 3492 νόοκειν
404 3425 511 3492 ἐποίει
530 3421 612 3497 τούς
624 3425 785 3494 Φοίνικας
808 3417 864 3500 τό,
889 3419 987 3509 ω’μῶς
1002 3427 1228 3509 κεχρημένους
1241 3433 1315 3493 τοῖς

246 3533 315 3597 τῶν
335 3526 513 3616 Ἑλλήνων
527 3523 705 3616 ἡλωκόσιν,
729 3523 834 3594 ταύτό
857 3528 1096 3614 προσδοκᾶν
1118 3529 1313 3594 πείσεσθαι.

247 3639 306 3715 (Βε
327 3659 353 3704 ο.
378 3638 418 3701 53
439 3637 500 3703 vid.
524 3657 554 3720 p.
576 3636 675 3715 35.)¹)

273 3877 298 3944 ¹)
317 3877 383 3947 Cap.
403 3881 437 3934 62
455 3878 526 3947 quod
544 3879 719 3933 conieceram:
739 3876 874 3943 εἰσίθεον,
893 3875 968 3931 κεναί
988 3873 1038 3944 μὲν
1056 3870 1126 3942 ὑπὲρ
1144 3872 1195 3938 τὰς
1214 3874 1314 3942 φιλίας,

318 3970 455 4038 φέρουσαι
474 3967 505 4024 αλ
524 3992 549 4025 κ.
570 3989 594 4025 τ.
613 3977 651 4035 1.,
683 3969 825 4039 οεσυρειλε
846 3968 1009 4024 Sinlonisius
1032 3969 1062 4024 ln
1085 3965 1154 4020 libro
1172 3963 1313 4029 trimum,

316 4062 350 4117 ab
370 4061 470 4116 Herma
488 4077 582 4116 nomen
601 4065 718 4132 gerente.
