<?xml version="1.0" encoding="UTF-8"?>
<!DOCTYPE html PUBLIC "-//W3C//DTD XHTML 1.0 Transitional//EN"
    "http://www.w3.org/TR/xhtml1/DTD/xhtml1-transitional.dtd">
<html xmlns="http://www.w3.org/1999/xhtml" xml:lang="en" lang="en">
 <head>
  <title>
</title>
<meta http-equiv="Content-Type" content="text/html;charset=utf-8" />
  <meta name='ocr-system' content='tesseract 3.04.00' />
  <meta name='ocr-capabilities' content='ocr_page ocr_carea ocr_par ocr_line ocrx_word'/>
</head>
<body>
  <div class='ocr_page' id='page_1' title='image "./adversariacriti02madvgoog_0515.png"; bbox 0 0 3004 4676; ppageno 0'>
   <div class='ocr_carea' id='block_1_1' title="bbox 308 239 863 305">
    <p class='ocr_par' dir='ltr' id='par_1_1' title="bbox 308 239 863 305">
     <span class='ocr_line' id='line_1_1' title="bbox 308 239 863 305; baseline 0.013 -18"><span class='ocrx_word' id='word_1_1' title='bbox 308 241 371 305; x_wconf 76' lang='lat'><strong><em>500</em></strong></span> <span class='ocrx_word' id='word_1_2' title='bbox 737 239 797 296; x_wconf 81' lang='lat' dir='ltr'><strong><em>me.</em></strong></span> <span class='ocrx_word' id='word_1_3' title='bbox 816 240 863 295; x_wconf 87' lang='lat' dir='ltr'><strong><em>1v.</em></strong></span> 
     </span>
    </p>
   </div>
   <div class='ocr_carea' id='block_1_2' title="bbox 236 431 1338 3272">
    <p class='ocr_par' dir='ltr' id='par_1_2' title="bbox 266 431 1336 726">
     <span class='ocr_line' id='line_1_2' title="bbox 266 431 1336 528; baseline -0.004 -21"><span class='ocrx_word' id='word_1_4' title='bbox 266 443 322 510; x_wconf 75' lang='lat' dir='ltr'><strong><em>sit.</em></strong></span> <span class='ocrx_word' id='word_1_5' title='bbox 348 435 432 507; x_wconf 74' lang='grc' dir='ltr'><strong><em>οἶδ’</em></strong></span> <span class='ocrx_word' id='word_1_6' title='bbox 454 447 491 506; x_wconf 86' lang='grc' dir='ltr'><strong><em>ἐν</em></strong></span> <span class='ocrx_word' id='word_1_7' title='bbox 511 441 555 528; x_wconf 85' lang='grc' dir='ltr'><strong><em>τη</em></strong></span> <span class='ocrx_word' id='word_1_8' title='bbox 579 437 740 523; x_wconf 75' lang='grc' dir='ltr'><em>Καδμείᾳ</em></span> <span class='ocrx_word' id='word_1_9' title='bbox 762 433 1089 523; x_wconf 75' lang='grc' dir='ltr'><strong><em>παρακληθέντες</em></strong></span> <span class='ocrx_word' id='word_1_10' title='bbox 1067 431 1139 505; x_wconf 57' lang='lat' dir='ltr'><strong>vae*</strong></span> <span class='ocrx_word' id='word_1_11' title='bbox 1163 439 1232 504; x_wconf 80' lang='grc' dir='ltr'><strong><em>τῶν</em></strong></span> <span class='ocrx_word' id='word_1_12' title='bbox 1253 433 1336 527; x_wconf 83' lang='grc' dir='ltr'><strong><em>ἠγε-</em></strong></span> 
     </span>
     <span class='ocr_line' id='line_1_3' title="bbox 266 539 1335 631; baseline 0 -20"><span class='ocrx_word' id='word_1_13' title='bbox 266 541 384 630; x_wconf 87' lang='grc' dir='ltr'><strong><em>μάνων</em></strong></span> <span class='ocrx_word' id='word_1_14' title='bbox 408 539 584 630; x_wconf 82' lang='grc' dir='ltr'><strong><em>ιυράοτως</em></strong></span> <span class='ocrx_word' id='word_1_15' title='bbox 606 539 793 631; x_wconf 89' lang='grc' dir='ltr'><strong><em>ημύνοντο</em></strong></span> <span class='ocrx_word' id='word_1_16' title='bbox 834 544 885 608; x_wconf 80' lang='lat' dir='ltr'><strong><em>Ad</em></strong></span> <span class='ocrx_word' id='word_1_17' title='bbox 901 571 931 611; x_wconf 89' lang='grc' dir='ltr'><strong><em>οι</em></strong></span> <span class='ocrx_word' id='word_1_18' title='bbox 924 539 978 612; x_wconf 94' lang='grc' dir='ltr'><strong><em>δ</em></strong></span> <span class='ocrx_word' id='word_1_19' title='bbox 994 546 1178 630; x_wconf 86' lang='lat' dir='ltr'><strong>explendum</strong></span> <span class='ocrx_word' id='word_1_20' title='bbox 1193 547 1335 612; x_wconf 80' lang='lat' dir='ltr'><strong>additum</strong></span> 
     </span>
     <span class='ocr_line' id='line_1_4' title="bbox 266 655 519 746; baseline -0.012 -26"><span class='ocrx_word' id='word_1_21' title='bbox 266 657 316 720; x_wconf 80' lang='lat' dir='ltr'><strong>eat</strong></span> <span class='ocrx_word' id='word_1_22' title='bbox 336 655 519 746; x_wconf 76' lang='grc' dir='ltr'><strong><em>οἰκοῦντες.</em></strong></span> 
     </span>
    </p>

    <p class='ocr_par' dir='ltr' id='par_1_3' title="bbox 266 747 1336 1051">
     <span class='ocr_line' id='line_1_5' title="bbox 368 747 1336 842; baseline -0.001 -20"><span class='ocrx_word' id='word_1_23' title='bbox 368 759 437 824; x_wconf 85' lang='lat' dir='ltr'><strong>Ibd.</strong></span> <span class='ocrx_word' id='word_1_24' title='bbox 458 759 500 821; x_wconf 82' lang='lat'><strong><em>33</em></strong></span> <span class='ocrx_word' id='word_1_25' title='bbox 530 777 660 842; x_wconf 84' lang='lat' dir='ltr'><strong>pravum</strong></span> <span class='ocrx_word' id='word_1_26' title='bbox 688 758 751 822; x_wconf 82' lang='lat' dir='ltr'><strong>eat:</strong></span> <span class='ocrx_word' id='word_1_27' title='bbox 785 755 1100 840; x_wconf 79' lang='grc' dir='ltr'><strong><em>δυναμικωτέραν</em></strong></span> <span class='ocrx_word' id='word_1_28' title='bbox 1087 767 1170 840; x_wconf 87' lang='grc' dir='ltr'><strong><em>ε’χων</em></strong></span> <span class='ocrx_word' id='word_1_29' title='bbox 1188 781 1253 842; x_wconf 90' lang='grc' dir='ltr'><strong><em>την</em></strong></span> <span class='ocrx_word' id='word_1_30' title='bbox 1274 747 1336 822; x_wconf 88' lang='grc' dir='ltr'><strong><em>δύ-</em></strong></span> 
     </span>
     <span class='ocr_line' id='line_1_6' title="bbox 266 861 1335 949; baseline -0.006 -17"><span class='ocrx_word' id='word_1_31' title='bbox 266 889 386 947; x_wconf 87' lang='grc' dir='ltr'><strong><em>ναμιν.</em></strong></span> <span class='ocrx_word' id='word_1_32' title='bbox 419 861 659 930; x_wconf 76' lang='lat' dir='ltr'><strong>Videturluisee</strong></span> <span class='ocrx_word' id='word_1_33' title='bbox 682 863 933 949; x_wconf 69' lang='grc' dir='ltr'><strong><em>μαχιμωτέραν,</em></strong></span> <span class='ocrx_word' id='word_1_34' title='bbox 957 861 1012 930; x_wconf 77' lang='lat' dir='ltr'><strong>aed</strong></span> <span class='ocrx_word' id='word_1_35' title='bbox 1033 863 1193 946; x_wconf 75' lang='lat' dir='ltr'><strong>praeceptis</strong></span> <span class='ocrx_word' id='word_1_36' title='bbox 1216 861 1335 944; x_wconf 76' lang='lat' dir='ltr'>aliquot</span> 
     </span>
     <span class='ocr_line' id='line_1_7' title="bbox 266 969 588 1051; baseline -0.022 -13"><span class='ocrx_word' id='word_1_37' title='bbox 266 974 381 1038; x_wconf 83' lang='lat' dir='ltr'><strong>litteris</strong></span> <span class='ocrx_word' id='word_1_38' title='bbox 402 969 588 1051; x_wconf 85' lang='lat' dir='ltr'><strong>corruptum.</strong></span> 
     </span>
    </p>

    <p class='ocr_par' dir='ltr' id='par_1_4' title="bbox 368 1065 1333 1157">
     <span class='ocr_line' id='line_1_8' title="bbox 368 1065 1333 1157; baseline -0.003 -15"><span class='ocrx_word' id='word_1_39' title='bbox 368 1078 463 1142; x_wconf 90' lang='lat' dir='ltr'><strong>Panlo</strong></span> <span class='ocrx_word' id='word_1_40' title='bbox 485 1075 556 1157; x_wconf 86' lang='lat' dir='ltr'><strong>pest</strong></span> <span class='ocrx_word' id='word_1_41' title='bbox 577 1073 610 1136; x_wconf 93' lang='lat' dir='ltr'><strong><em>in</em></strong></span> <span class='ocrx_word' id='word_1_42' title='bbox 632 1069 787 1136; x_wconf 84' lang='lat' dir='ltr'><strong>codicibus</strong></span> <span class='ocrx_word' id='word_1_43' title='bbox 810 1072 969 1138; x_wconf 73' lang='lat' dir='ltr'><strong>scribitur:</strong></span> <span class='ocrx_word' id='word_1_44' title='bbox 993 1078 1024 1138; x_wconf 75' lang='grc' dir='ltr'><strong><em>εἰ</em></strong></span> <span class='ocrx_word' id='word_1_45' title='bbox 1047 1074 1079 1138; x_wconf 76' lang='grc' dir='ltr'><strong><em>δὲ</em></strong></span> <span class='ocrx_word' id='word_1_46' title='bbox 1098 1125 1103 1136; x_wconf 94' lang='grc'><em>.</em></span> <span class='ocrx_word' id='word_1_47' title='bbox 1120 1121 1149 1136; x_wconf 94' lang='grc'><strong><em>..</em></strong></span> <span class='ocrx_word' id='word_1_48' title='bbox 1172 1065 1333 1157; x_wconf 75' lang='grc' dir='ltr'><strong><em>ἐβιάσατο</em></strong></span> 
     </span>
    </p>

    <p class='ocr_par' dir='ltr' id='par_1_5' title="bbox 236 1171 1336 2626">
     <span class='ocr_line' id='line_1_9' title="bbox 266 1171 1334 1264; baseline -0.004 -16"><span class='ocrx_word' id='word_1_49' title='bbox 266 1179 349 1257; x_wconf 86' lang='grc' dir='ltr'><strong><em>τούς</em></strong></span> <span class='ocrx_word' id='word_1_50' title='bbox 373 1181 561 1264; x_wconf 82' lang='grc' dir='ltr'><strong><em>πολεμίους</em></strong></span> <span class='ocrx_word' id='word_1_51' title='bbox 588 1171 779 1258; x_wconf 70' lang='grc' dir='ltr'><strong><em>ὑπομένειν</em></strong></span> <span class='ocrx_word' id='word_1_52' title='bbox 804 1171 844 1242; x_wconf 81' lang='grc' dir='ltr'><strong><em>τά</em></strong></span> <span class='ocrx_word' id='word_1_53' title='bbox 878 1174 1009 1254; x_wconf 76' lang='grc' dir='ltr'><strong><em>δεινὸν,</em></strong></span> <span class='ocrx_word' id='word_1_54' title='bbox 1043 1181 1122 1251; x_wconf 86' lang='grc' dir='ltr'><strong><em>ἴσως</em></strong></span> <span class='ocrx_word' id='word_1_55' title='bbox 1148 1173 1194 1242; x_wconf 83' lang='grc' dir='ltr'><strong><em>άν</em></strong></span> <span class='ocrx_word' id='word_1_56' title='bbox 1216 1173 1271 1244; x_wconf 89' lang='grc' dir='ltr'><strong><em>διά</em></strong></span> <span class='ocrx_word' id='word_1_57' title='bbox 1294 1175 1334 1244; x_wconf 85' lang='grc' dir='ltr'><strong><em>τά</em></strong></span> 
     </span>
     <span class='ocr_line' id='line_1_10' title="bbox 269 1278 1336 1375; baseline -0.005 -20"><span class='ocrx_word' id='word_1_58' title='bbox 269 1285 468 1375; x_wconf 79' lang='grc' dir='ltr'><strong><em>παράλογον</em></strong></span> <span class='ocrx_word' id='word_1_59' title='bbox 489 1287 551 1369; x_wconf 79' lang='grc' dir='ltr'><strong><em>της</em></strong></span> <span class='ocrx_word' id='word_1_60' title='bbox 573 1278 677 1368; x_wconf 76' lang='grc' dir='ltr'><strong><em>τύχης</em></strong></span> <span class='ocrx_word' id='word_1_61' title='bbox 708 1278 871 1350; x_wconf 77' lang='grc' dir='ltr'><strong><em>δύναιντο</em></strong></span> <span class='ocrx_word' id='word_1_62' title='bbox 901 1287 956 1350; x_wconf 81' lang='grc' dir='ltr'><strong><em>καὶ</em></strong></span> <span class='ocrx_word' id='word_1_63' title='bbox 985 1298 1128 1351; x_wconf 82' lang='grc' dir='ltr'><strong><em>πταῖσαι</em></strong></span> <span class='ocrx_word' id='word_1_64' title='bbox 1162 1279 1247 1350; x_wconf 89' lang='grc' dir='ltr'><strong><em>κατά</em></strong></span> <span class='ocrx_word' id='word_1_65' title='bbox 1272 1279 1336 1350; x_wconf 88' lang='grc' dir='ltr'><strong><em>τδν</em></strong></span> 
     </span>
     <span class='ocr_line' id='line_1_11' title="bbox 267 1383 1336 1474; baseline -0.003 -14"><span class='ocrx_word' id='word_1_66' title='bbox 267 1397 428 1461; x_wconf 75' lang='grc' dir='ltr'><strong><em>κίνδυνον</em></strong></span> <span class='ocrx_word' id='word_1_67' title='bbox 460 1395 492 1456; x_wconf 87' lang='grc' dir='ltr'><strong><em>οἱ</em></strong></span> <span class='ocrx_word' id='word_1_68' title='bbox 516 1383 799 1470; x_wconf 86' lang='grc' dir='ltr'><strong><em>Λακεδαιμόνιοι.</em></strong></span> <span class='ocrx_word' id='word_1_69' title='bbox 849 1391 909 1455; x_wconf 83' lang='lat' dir='ltr'><strong><em>Pro</em></strong></span> <span class='ocrx_word' id='word_1_70' title='bbox 943 1383 1117 1468; x_wconf 78' lang='grc' dir='ltr'><strong><em>δύναιντο,</em></strong></span> <span class='ocrx_word' id='word_1_71' title='bbox 1151 1391 1232 1474; x_wconf 85' lang='lat' dir='ltr'><strong>qued</strong></span> <span class='ocrx_word' id='word_1_72' title='bbox 1262 1393 1336 1457; x_wconf 81' lang='lat' dir='ltr'><strong>ferri</strong></span> 
     </span>
     <span class='ocr_line' id='line_1_12' title="bbox 267 1487 1336 1585; baseline -0.005 -18"><span class='ocrx_word' id='word_1_73' title='bbox 267 1502 384 1585; x_wconf 79' lang='lat' dir='ltr'><strong>nequit,</strong></span> <span class='ocrx_word' id='word_1_74' title='bbox 406 1496 581 1563; x_wconf 83' lang='lat' dir='ltr'><strong>Dindorfina</strong></span> <span class='ocrx_word' id='word_1_75' title='bbox 603 1487 768 1561; x_wconf 79' lang='grc' dir='ltr'><strong><em>ἐδύναντο</em></strong></span> <span class='ocrx_word' id='word_1_76' title='bbox 792 1498 902 1578; x_wconf 83' lang='lat' dir='ltr'><strong>posuit.</strong></span> <span class='ocrx_word' id='word_1_77' title='bbox 936 1493 997 1560; x_wconf 85' lang='lat' dir='ltr'><strong>Sed</strong></span> <span class='ocrx_word' id='word_1_78' title='bbox 1018 1493 1154 1561; x_wconf 80' lang='lat' dir='ltr'>debebat</span> <span class='ocrx_word' id='word_1_79' title='bbox 1176 1497 1336 1580; x_wconf 89' lang='lat' dir='ltr'><strong>(quoniam</strong></span> 
     </span>
     <span class='ocr_line' id='line_1_13' title="bbox 267 1595 1336 1689; baseline -0.003 -17"><span class='ocrx_word' id='word_1_80' title='bbox 267 1603 449 1689; x_wconf 77' lang='lat' dir='ltr'><strong>exprimitur</strong></span> <span class='ocrx_word' id='word_1_81' title='bbox 463 1601 602 1685; x_wconf 77' lang='lat' dir='ltr'><strong>Agesilai</strong></span> <span class='ocrx_word' id='word_1_82' title='bbox 623 1601 827 1677; x_wconf 79' lang='lat' dir='ltr'><strong>ratiocinatio)</strong></span> <span class='ocrx_word' id='word_1_83' title='bbox 852 1619 937 1666; x_wconf 85' lang='lat' dir='ltr'><strong>ease:</strong></span> <span class='ocrx_word' id='word_1_84' title='bbox 961 1595 1134 1667; x_wconf 75' lang='grc' dir='ltr'><strong><em>δύνασθαι</em></strong></span> <span class='ocrx_word' id='word_1_85' title='bbox 1158 1650 1165 1664; x_wconf 95' lang='grc'><strong>.</strong></span> <span class='ocrx_word' id='word_1_86' title='bbox 1191 1650 1198 1662; x_wconf 95' lang='grc'><strong>.</strong></span> <span class='ocrx_word' id='word_1_87' title='bbox 1224 1597 1336 1675; x_wconf 84' lang='grc' dir='ltr'><strong><em>,τοδς</em></strong></span> 
     </span>
     <span class='ocr_line' id='line_1_14' title="bbox 268 1703 1336 1794; baseline -0.003 -18"><span class='ocrx_word' id='word_1_88' title='bbox 268 1707 568 1794; x_wconf 80' lang='grc' dir='ltr'><strong><em>Λακεδαιμονίους</em></strong></span> <span class='ocrx_word' id='word_1_89' title='bbox 595 1707 628 1770; x_wconf 74' lang='lat' dir='ltr'><strong>et</strong></span> <span class='ocrx_word' id='word_1_90' title='bbox 648 1706 742 1770; x_wconf 78' lang='lat' dir='ltr'><strong>simul</strong></span> <span class='ocrx_word' id='word_1_91' title='bbox 762 1706 865 1770; x_wconf 79' lang='lat' dir='ltr'><strong>omitti</strong></span> <span class='ocrx_word' id='word_1_92' title='bbox 886 1703 940 1771; x_wconf 79' lang='grc' dir='ltr'><strong><em>ἄν.</em></strong></span> <span class='ocrx_word' id='word_1_93' title='bbox 981 1706 1064 1772; x_wconf 82' lang='lat' dir='ltr'><strong>Nem</strong></span> <span class='ocrx_word' id='word_1_94' title='bbox 1087 1707 1268 1790; x_wconf 79' lang='grc' dir='ltr'><strong><em>πτοιίσαιμι</em></strong></span> <span class='ocrx_word' id='word_1_95' title='bbox 1292 1707 1336 1773; x_wconf 80' lang='grc' dir='ltr'><strong><em>ἄν</em></strong></span> 
     </span>
     <span class='ocr_line' id='line_1_15' title="bbox 268 1805 1336 1894; baseline -0.001 -13"><span class='ocrx_word' id='word_1_96' title='bbox 268 1817 392 1892; x_wconf 87' lang='lat' dir='ltr'><strong>dieitur,</strong></span> <span class='ocrx_word' id='word_1_97' title='bbox 416 1812 471 1878; x_wconf 86' lang='lat' dir='ltr'><strong>aed</strong></span> <span class='ocrx_word' id='word_1_98' title='bbox 493 1805 669 1894; x_wconf 73' lang='grc' dir='ltr'><strong><em>ἐδυνάμην</em></strong></span> <span class='ocrx_word' id='word_1_99' title='bbox 697 1824 851 1877; x_wconf 86' lang='grc' dir='ltr'><strong><em>πταῖσαι.</em></strong></span> <span class='ocrx_word' id='word_1_100' title='bbox 904 1811 1106 1878; x_wconf 79' lang='lat' dir='ltr'><strong>Scribonium</strong></span> <span class='ocrx_word' id='word_1_101' title='bbox 1127 1813 1257 1879; x_wconf 83' lang='lat' dir='ltr'><strong>sublatis</strong></span> <span class='ocrx_word' id='word_1_102' title='bbox 1279 1815 1336 1880; x_wconf 89' lang='lat' dir='ltr'><strong><em>ad-</em></strong></span> 
     </span>
     <span class='ocr_line' id='line_1_16' title="bbox 267 1911 1336 2004; baseline -0.002 -18"><span class='ocrx_word' id='word_1_103' title='bbox 267 1920 465 1986; x_wconf 83' lang='lat' dir='ltr'><strong>ditamcntis:</strong></span> <span class='ocrx_word' id='word_1_104' title='bbox 501 1911 698 1992; x_wconf 86' lang='grc' dir='ltr'><strong><em>τδδεινδν,</em></strong></span> <span class='ocrx_word' id='word_1_105' title='bbox 732 1919 811 1989; x_wconf 83' lang='grc' dir='ltr'><strong><em>ἴσως</em></strong></span> <span class='ocrx_word' id='word_1_106' title='bbox 834 1912 880 1992; x_wconf 84' lang='grc' dir='ltr'><strong><em>άν</em></strong></span> <span class='ocrx_word' id='word_1_107' title='bbox 902 1911 957 1981; x_wconf 89' lang='grc' dir='ltr'><strong><em>διά</em></strong></span> <span class='ocrx_word' id='word_1_108' title='bbox 980 1912 1018 1982; x_wconf 84' lang='grc' dir='ltr'><strong><em>τά</em></strong></span> <span class='ocrx_word' id='word_1_109' title='bbox 1042 1913 1241 2004; x_wconf 81' lang='grc' dir='ltr'><strong><em>παράλογον</em></strong></span> <span class='ocrx_word' id='word_1_110' title='bbox 1273 1923 1336 2004; x_wconf 77' lang='grc' dir='ltr'><strong><em>τῆς</em></strong></span> 
     </span>
     <span class='ocr_line' id='line_1_17' title="bbox 267 2016 1336 2113; baseline 0 -21"><span class='ocrx_word' id='word_1_111' title='bbox 267 2025 370 2113; x_wconf 89' lang='grc' dir='ltr'><strong><em>τύχης</em></strong></span> <span class='ocrx_word' id='word_1_112' title='bbox 392 2026 447 2088; x_wconf 86' lang='grc' dir='ltr'><strong><em>καὶ</em></strong></span> <span class='ocrx_word' id='word_1_113' title='bbox 470 2037 611 2089; x_wconf 82' lang='grc' dir='ltr'><strong><em>πταῖσαι</em></strong></span> <span class='ocrx_word' id='word_1_114' title='bbox 635 2016 721 2087; x_wconf 88' lang='grc' dir='ltr'><strong><em>κατά</em></strong></span> <span class='ocrx_word' id='word_1_115' title='bbox 751 2017 814 2088; x_wconf 84' lang='grc' dir='ltr'><strong><em>τάν</em></strong></span> <span class='ocrx_word' id='word_1_116' title='bbox 838 2021 1007 2088; x_wconf 78' lang='grc' dir='ltr'><strong><em>κίνδυνον.</em></strong></span> <span class='ocrx_word' id='word_1_117' title='bbox 1050 2024 1122 2090; x_wconf 87' lang='lat' dir='ltr'><strong>N&#39;on</strong></span> <span class='ocrx_word' id='word_1_118' title='bbox 1143 2027 1336 2091; x_wconf 81' lang='lat' dir='ltr'><strong>intellectum</strong></span> 
     </span>
     <span class='ocr_line' id='line_1_18' title="bbox 267 2125 1082 2212; baseline -0.011 -13"><span class='ocrx_word' id='word_1_119' title='bbox 267 2134 326 2209; x_wconf 79' lang='lat' dir='ltr'><strong>eet,</strong></span> <span class='ocrx_word' id='word_1_120' title='bbox 348 2144 488 2198; x_wconf 82' lang='grc' dir='ltr'><strong><em>πταῖσαι</em></strong></span> <span class='ocrx_word' id='word_1_121' title='bbox 512 2127 557 2196; x_wconf 84' lang='grc' dir='ltr'><strong><em>άν</em></strong></span> <span class='ocrx_word' id='word_1_122' title='bbox 577 2131 617 2195; x_wconf 85' lang='lat' dir='ltr'><strong>ed</strong></span> <span class='ocrx_word' id='word_1_123' title='bbox 637 2131 741 2211; x_wconf 81' lang='lat' dir='ltr'><strong>ipsum</strong></span> <span class='ocrx_word' id='word_1_124' title='bbox 763 2125 945 2212; x_wconf 77' lang='lat' dir='ltr'><strong>Agesilaum</strong></span> <span class='ocrx_word' id='word_1_125' title='bbox 966 2129 1082 2194; x_wconf 86' lang='lat' dir='ltr'><strong>referri.</strong></span> 
     </span>
     <span class='ocr_line' id='line_1_19' title="bbox 236 2228 1333 2324; baseline 0.001 -25"><span class='ocrx_word' id='word_1_126' title='bbox 236 2241 237 2248; x_wconf 74' lang='grc'>’</span> <span class='ocrx_word' id='word_1_127' title='bbox 347 2235 438 2324; x_wconf 27' lang='grc'><strong>,11)(1.</strong></span> <span class='ocrx_word' id='word_1_128' title='bbox 460 2237 516 2299; x_wconf 88' lang='lat'><strong><em>41:</em></strong></span> <span class='ocrx_word' id='word_1_129' title='bbox 540 2228 721 2314; x_wconf 79' lang='grc' dir='ltr'><strong><em>άνέζιυξαν</em></strong></span> <span class='ocrx_word' id='word_1_130' title='bbox 741 2239 772 2298; x_wconf 82' lang='grc' dir='ltr'><strong><em>οἱ</em></strong></span> <span class='ocrx_word' id='word_1_131' title='bbox 795 2235 857 2299; x_wconf 81' lang='grc' dir='ltr'><strong><em>τού</em></strong></span> <span class='ocrx_word' id='word_1_132' title='bbox 878 2237 1046 2318; x_wconf 78' lang='grc' dir='ltr'><strong><em>βασιλέως</em></strong></span> <span class='ocrx_word' id='word_1_133' title='bbox 1070 2239 1252 2321; x_wconf 82' lang='grc' dir='ltr'><strong><em>στρατηγοὶ</em></strong></span> <span class='ocrx_word' id='word_1_134' title='bbox 1277 2285 1333 2301; x_wconf 91' lang='grc'><strong><em>...</em></strong></span> 
     </span>
     <span class='ocr_line' id='line_1_20' title="bbox 266 2333 1336 2428; baseline 0 -20"><span class='ocrx_word' id='word_1_135' title='bbox 266 2345 321 2409; x_wconf 75' lang='grc' dir='ltr'><strong><em>καὶ</em></strong></span> <span class='ocrx_word' id='word_1_136' title='bbox 344 2344 413 2414; x_wconf 81' lang='grc' dir='ltr'><strong><em>τοὺ,</em></strong></span> <span class='ocrx_word' id='word_1_137' title='bbox 430 2333 553 2407; x_wconf 78' lang='grc' dir='ltr'><strong><em>στόλου</em></strong></span> <span class='ocrx_word' id='word_1_138' title='bbox 576 2333 818 2424; x_wconf 77' lang='grc' dir='ltr'><strong><em>συμπαρόντος</em></strong></span> <span class='ocrx_word' id='word_1_139' title='bbox 845 2343 1008 2425; x_wconf 75' lang='grc' dir='ltr'><strong><em>προῆγον</em></strong></span> <span class='ocrx_word' id='word_1_140' title='bbox 1028 2343 1084 2406; x_wconf 77' lang='grc' dir='ltr'><strong><em>ἐπὶ</em></strong></span> <span class='ocrx_word' id='word_1_141' title='bbox 1107 2337 1172 2427; x_wconf 81' lang='grc' dir='ltr'><strong><em>τήν</em></strong></span> <span class='ocrx_word' id='word_1_142' title='bbox 1195 2346 1336 2428; x_wconf 84' lang='grc' dir='ltr'><strong><em>Αἴγυπ-</em></strong></span> 
     </span>
     <span class='ocr_line' id='line_1_21' title="bbox 266 2441 1336 2534; baseline 0 -19"><span class='ocrx_word' id='word_1_143' title='bbox 266 2474 338 2515; x_wconf 91' lang='grc' dir='ltr'><strong><em>τον.</em></strong></span> <span class='ocrx_word' id='word_1_144' title='bbox 382 2448 433 2512; x_wconf 81' lang='lat' dir='ltr'><strong><em>Ad</em></strong></span> <span class='ocrx_word' id='word_1_145' title='bbox 455 2441 634 2528; x_wconf 74' lang='grc' dir='ltr'><strong><em>άνέζευξαν</em></strong></span> <span class='ocrx_word' id='word_1_146' title='bbox 657 2452 688 2512; x_wconf 87' lang='lat' dir='ltr'><strong>et</strong></span> <span class='ocrx_word' id='word_1_147' title='bbox 710 2447 865 2531; x_wconf 76' lang='grc' dir='ltr'><strong><em>προῆγον</em></strong></span> <span class='ocrx_word' id='word_1_148' title='bbox 892 2449 995 2529; x_wconf 81' lang='lat' dir='ltr'><strong>aptius</strong></span> <span class='ocrx_word' id='word_1_149' title='bbox 1017 2449 1075 2514; x_wconf 84' lang='lat' dir='ltr'><strong>erit</strong></span> <span class='ocrx_word' id='word_1_150' title='bbox 1108 2473 1336 2534; x_wconf 88' lang='grc' dir='ltr'><strong><em>συμπαρα-</em></strong></span> 
     </span>
     <span class='ocr_line' id='line_1_22' title="bbox 267 2559 483 2626; baseline -0.019 -4"><span class='ocrx_word' id='word_1_151' title='bbox 267 2559 483 2626; x_wconf 78' lang='grc' dir='ltr'><strong><em>πλέοντος.</em></strong></span> 
     </span>
    </p>

    <p class='ocr_par' dir='ltr' id='par_1_6' title="bbox 268 2657 1337 3271">
     <span class='ocr_line' id='line_1_23' title="bbox 370 2657 1337 2743; baseline 0.006 -21"><span class='ocrx_word' id='word_1_152' title='bbox 370 2659 440 2726; x_wconf 87' lang='lat' dir='ltr'><strong><em>lbd.</em></strong></span> <span class='ocrx_word' id='word_1_153' title='bbox 461 2660 514 2724; x_wconf 88' lang='grc'><strong><em>49.</em></strong></span> <span class='ocrx_word' id='word_1_154' title='bbox 567 2658 743 2724; x_wconf 74' lang='lat' dir='ltr'><strong>Ridiculum</strong></span> <span class='ocrx_word' id='word_1_155' title='bbox 779 2659 842 2732; x_wconf 87' lang='lat' dir='ltr'><strong>est,</strong></span> <span class='ocrx_word' id='word_1_156' title='bbox 881 2658 1012 2722; x_wconf 84' lang='lat' dir='ltr'><strong>Helicen</strong></span> <span class='ocrx_word' id='word_1_157' title='bbox 1041 2657 1116 2723; x_wconf 90' lang='lat' dir='ltr'><strong>olim</strong></span> <span class='ocrx_word' id='word_1_158' title='bbox 1150 2661 1337 2743; x_wconf 79' lang='lat' dir='ltr'><strong>appellatam</strong></span> 
     </span>
     <span class='ocr_line' id='line_1_24' title="bbox 268 2761 1337 2847; baseline 0 -15"><span class='ocrx_word' id='word_1_159' title='bbox 268 2785 335 2832; x_wconf 84' lang='lat' dir='ltr'><strong>ease</strong></span> <span class='ocrx_word' id='word_1_160' title='bbox 358 2769 432 2844; x_wconf 90' lang='lat' dir='ltr'><strong>(non</strong></span> <span class='ocrx_word' id='word_1_161' title='bbox 453 2763 606 2840; x_wconf 76' lang='lat' dir='ltr'><strong>lenitam,</strong></span> <span class='ocrx_word' id='word_1_162' title='bbox 637 2761 703 2841; x_wconf 86' lang='lat' dir='ltr'><strong>sed)</strong></span> <span class='ocrx_word' id='word_1_163' title='bbox 732 2761 864 2838; x_wconf 89' lang='lat' dir='ltr'><strong>Ioniam,</strong></span> <span class='ocrx_word' id='word_1_164' title='bbox 898 2779 979 2828; x_wconf 89' lang='lat' dir='ltr'><strong>nunc</strong></span> <span class='ocrx_word' id='word_1_165' title='bbox 1003 2764 1152 2847; x_wconf 86' lang='lat' dir='ltr'><strong>appellari</strong></span> <span class='ocrx_word' id='word_1_166' title='bbox 1173 2765 1337 2832; x_wconf 86' lang='lat' dir='ltr'><strong>Achaiam.</strong></span> 
     </span>
     <span class='ocr_line' id='line_1_25' title="bbox 269 2863 1337 2956; baseline 0 -20"><span class='ocrx_word' id='word_1_167' title='bbox 269 2870 472 2936; x_wconf 67' lang='lat' dir='ltr'><strong>Scribonium</strong></span> <span class='ocrx_word' id='word_1_168' title='bbox 496 2871 561 2934; x_wconf 82' lang='lat' dir='ltr'><strong>eet:</strong></span> <span class='ocrx_word' id='word_1_169' title='bbox 594 2874 627 2944; x_wconf 79' lang='grc' dir='ltr'><strong><em>ἐξ</em></strong></span> <span class='ocrx_word' id='word_1_170' title='bbox 647 2864 786 2951; x_wconf 79' lang='grc' dir='ltr'><strong><em>Ἑλίκης</em></strong></span> <span class='ocrx_word' id='word_1_171' title='bbox 803 2869 865 2952; x_wconf 80' lang='grc' dir='ltr'><strong><em>τῆς</em></strong></span> <span class='ocrx_word' id='word_1_172' title='bbox 888 2873 925 2933; x_wconf 81' lang='grc' dir='ltr'><strong><em>ἐν</em></strong></span> <span class='ocrx_word' id='word_1_173' title='bbox 950 2869 998 2956; x_wconf 79' lang='grc' dir='ltr'><strong><em>τῇ</em></strong></span> <span class='ocrx_word' id='word_1_174' title='bbox 1020 2863 1096 2935; x_wconf 85' lang='grc' dir='ltr'><strong><em>τότε</em></strong></span> <span class='ocrx_word' id='word_1_175' title='bbox 1123 2877 1205 2954; x_wconf 89' lang='lat' dir='ltr'><strong>(pr0:</strong></span> <span class='ocrx_word' id='word_1_176' title='bbox 1235 2877 1271 2936; x_wconf 81' lang='grc' dir='ltr'><strong><em>ἐν</em></strong></span> <span class='ocrx_word' id='word_1_177' title='bbox 1292 2871 1337 2956; x_wconf 77' lang='grc' dir='ltr'><strong><em>τῷ</em></strong></span> 
     </span>
     <span class='ocr_line' id='line_1_26' title="bbox 268 2968 1336 3064; baseline 0 -22"><span class='ocrx_word' id='word_1_178' title='bbox 268 2970 360 3052; x_wconf 81' lang='grc' dir='ltr'><strong><em>τότε)</em></strong></span> <span class='ocrx_word' id='word_1_179' title='bbox 382 2982 449 3059; x_wconf 75' lang='grc' dir='ltr'><strong><em>μὲν</em></strong></span> <span class='ocrx_word' id='word_1_180' title='bbox 470 2968 626 3059; x_wconf 74' lang='grc' dir='ltr'><strong><em>’[οινίᾳ,</em></strong></span> <span class='ocrx_word' id='word_1_181' title='bbox 660 2975 724 3040; x_wconf 72' lang='grc' dir='ltr'><strong><em>νίν</em></strong></span> <span class='ocrx_word' id='word_1_182' title='bbox 747 2975 780 3040; x_wconf 81' lang='grc' dir='ltr'><strong><em>δὲ</em></strong></span> <span class='ocrx_word' id='word_1_183' title='bbox 803 2968 952 3061; x_wconf 74' lang='grc' dir='ltr'><strong><em>Ἀχαίᾳ</em></strong></span> <span class='ocrx_word' id='word_1_184' title='bbox 980 2979 1220 3064; x_wconf 80' lang='grc' dir='ltr'><strong><em>καλουμένη</em></strong></span> <span class='ocrx_word' id='word_1_185' title='bbox 1254 2984 1336 3062; x_wconf 79' lang='lat' dir='ltr'><strong>(pret</strong></span> 
     </span>
     <span class='ocr_line' id='line_1_27' title="bbox 270 3073 1338 3164; baseline 0.002 -17.019"><span class='ocrx_word' id='word_1_186' title='bbox 270 3076 468 3154; x_wconf 54' lang='lat' dir='ltr'><strong><em>&#39;&#39;mlwviac</em></strong></span> <span class='ocrx_word' id='word_1_187' title='bbox 491 3073 664 3164; x_wconf 77' lang='grc' dir='ltr'><strong><em>Αχαίας</em></strong></span> <span class='ocrx_word' id='word_1_188' title='bbox 686 3084 919 3164; x_wconf 76' lang='grc' dir='ltr'><strong><em>καλουμένης).</em></strong></span> <span class='ocrx_word' id='word_1_189' title='bbox 957 3082 1128 3146; x_wconf 77' lang='lat' dir='ltr'><strong>Haeserat&#39;</strong></span> <span class='ocrx_word' id='word_1_190' title='bbox 1084 3084 1182 3148; x_wconf 73' lang='lat' dir='ltr'><strong>ilem</strong></span> <span class='ocrx_word' id='word_1_191' title='bbox 1204 3083 1244 3146; x_wconf 90' lang='lat' dir='ltr'><strong><em>H.</em></strong></span> <span class='ocrx_word' id='word_1_192' title='bbox 1267 3083 1338 3149; x_wconf 73' lang='lat' dir='ltr'><strong>Ste-</strong></span> 
     </span>
     <span class='ocr_line' id='line_1_28' title="bbox 271 3186 1337 3272; baseline 0 -20"><span class='ocrx_word' id='word_1_193' title='bbox 271 3189 400 3270; x_wconf 87' lang='lat' dir='ltr'><strong>phanus.</strong></span> <span class='ocrx_word' id='word_1_194' title='bbox 428 3186 502 3265; x_wconf 79' lang='lat' dir='ltr'><strong>(Cir.</strong></span> <span class='ocrx_word' id='word_1_195' title='bbox 525 3205 551 3250; x_wconf 92' lang='lat' dir='ltr'><strong><em>c.</em></strong></span> <span class='ocrx_word' id='word_1_196' title='bbox 569 3188 618 3263; x_wconf 82' lang='lat'><strong><em>53,</em></strong></span> <span class='ocrx_word' id='word_1_197' title='bbox 641 3186 725 3264; x_wconf 90' lang='lat' dir='ltr'><strong><em>XIV</em></strong></span> <span class='ocrx_word' id='word_1_198' title='bbox 752 3187 825 3262; x_wconf 88' lang='grc'><strong>116·</strong></span> <span class='ocrx_word' id='word_1_199' title='bbox 847 3205 991 3269; x_wconf 85' lang='lat' dir='ltr'><strong>suprap.</strong></span> <span class='ocrx_word' id='word_1_200' title='bbox 1015 3189 1117 3272; x_wconf 84' lang='lat' dir='ltr'><strong>67n.‚</strong></span> <span class='ocrx_word' id='word_1_201' title='bbox 1140 3187 1179 3252; x_wconf 86' lang='lat' dir='ltr'><strong><em>ad</em></strong></span> <span class='ocrx_word' id='word_1_202' title='bbox 1201 3187 1337 3271; x_wconf 79' lang='lat' dir='ltr'><strong>Thucyd.</strong></span> 
     </span>
    </p>
   </div>
   <div class='ocr_carea' id='block_1_3' title="bbox 271 3289 1341 4010">
    <p class='ocr_par' dir='ltr' id='par_1_7' title="bbox 271 3289 539 3374">
     <span class='ocr_line' id='line_1_29' title="bbox 271 3289 539 3374; baseline -0.004 -21"><span class='ocrx_word' id='word_1_203' title='bbox 271 3289 318 3370; x_wconf 90' lang='lat'><strong><em>11</em></strong></span> <span class='ocrx_word' id='word_1_204' title='bbox 340 3292 434 3374; x_wconf 78' lang='lat' dir='ltr'><strong><em>cap</em></strong></span> <span class='ocrx_word' id='word_1_205' title='bbox 456 3292 539 3368; x_wconf 73' lang='grc' dir='ltr'><strong><em>ιιι)</em></strong></span> 
     </span>
    </p>

    <p class='ocr_par' dir='ltr' id='par_1_8' title="bbox 271 3392 1341 4010">
     <span class='ocr_line' id='line_1_30' title="bbox 373 3392 1339 3482; baseline 0.002 -21"><span class='ocrx_word' id='word_1_206' title='bbox 373 3395 441 3461; x_wconf 88' lang='lat' dir='ltr'><strong><em>lbd.</em></strong></span> <span class='ocrx_word' id='word_1_207' title='bbox 464 3396 522 3457; x_wconf 83' lang='grc'><strong><em>50.</em></strong></span> <span class='ocrx_word' id='word_1_208' title='bbox 550 3392 665 3464; x_wconf 86' lang='grc' dir='ltr'><strong><em>Ἔνιοι</em></strong></span> <span class='ocrx_word' id='word_1_209' title='bbox 692 3398 726 3462; x_wconf 81' lang='grc' dir='ltr'><strong><em>δὲ</em></strong></span> <span class='ocrx_word' id='word_1_210' title='bbox 758 3397 827 3461; x_wconf 81' lang='grc' dir='ltr'><strong><em>τών</em></strong></span> <span class='ocrx_word' id='word_1_211' title='bbox 849 3420 999 3478; x_wconf 69' lang='lat' dir='ltr'><strong>pentuma</strong></span> <span class='ocrx_word' id='word_1_212' title='bbox 1020 3422 1084 3481; x_wconf 83' lang='grc' dir='ltr'><strong><em>την</em></strong></span> <span class='ocrx_word' id='word_1_213' title='bbox 1114 3423 1245 3482; x_wconf 84' lang='grc' dir='ltr'><strong><em>γενεσιν</em></strong></span> <span class='ocrx_word' id='word_1_214' title='bbox 1278 3399 1339 3482; x_wconf 80' lang='grc' dir='ltr'><strong><em>τῆς</em></strong></span> 
     </span>
     <span class='ocr_line' id='line_1_31' title="bbox 275 3493 1338 3588; baseline 0.001 -22"><span class='ocrx_word' id='word_1_215' title='bbox 275 3496 456 3586; x_wconf 79' lang='grc' dir='ltr'><strong><em>λαμπάδος</em></strong></span> <span class='ocrx_word' id='word_1_216' title='bbox 479 3507 529 3574; x_wconf 87' lang='grc' dir='ltr'><strong><em>εἰς</em></strong></span> <span class='ocrx_word' id='word_1_217' title='bbox 551 3497 696 3588; x_wconf 84' lang='grc' dir='ltr'><strong><em>φυσικάς</em></strong></span> <span class='ocrx_word' id='word_1_218' title='bbox 718 3503 831 3574; x_wconf 78' lang='grc' dir='ltr'><strong><em>αἰτίας</em></strong></span> <span class='ocrx_word' id='word_1_219' title='bbox 853 3493 1034 3586; x_wconf 82' lang='grc' dir='ltr'><strong><em>α’νὲφερον,</em></strong></span> <span class='ocrx_word' id='word_1_220' title='bbox 1062 3497 1338 3588; x_wconf 84' lang='grc' dir='ltr'><strong><em>άποφιιινάμενοι</em></strong></span> 
     </span>
     <span class='ocr_line' id='line_1_32' title="bbox 351 3601 1340 3698; baseline 0.003 -27.778"><span class='ocrx_word' id='word_1_221' title='bbox 351 3603 608 3694; x_wconf 84' lang='grc' dir='ltr'><strong><em>ἐπιτυγχάνειν·</em></strong></span> <span class='ocrx_word' id='word_1_222' title='bbox 631 3603 712 3681; x_wconf 83' lang='grc' dir='ltr'><strong><em>τούς</em></strong></span> <span class='ocrx_word' id='word_1_223' title='bbox 734 3609 768 3673; x_wconf 75' lang='grc' dir='ltr'><strong><em>δὲ</em></strong></span> <span class='ocrx_word' id='word_1_224' title='bbox 789 3603 840 3692; x_wconf 72' lang='grc' dir='ltr'><strong><em>μή</em></strong></span> <span class='ocrx_word' id='word_1_225' title='bbox 865 3601 1073 3690; x_wconf 75' lang='grc' dir='ltr'><strong><em>θαυμάζειν,</em></strong></span> <span class='ocrx_word' id='word_1_226' title='bbox 1096 3606 1182 3698; x_wconf 87' lang='grc' dir='ltr'><strong><em>ὅταν</em></strong></span> <span class='ocrx_word' id='word_1_227' title='bbox 1202 3612 1340 3696; x_wconf 71' lang='grc' dir='ltr'><strong><em>γίνηταί</em></strong></span> 
     </span>
     <span class='ocr_line' id='line_1_33' title="bbox 271 3708 1339 3800; baseline 0.001 -23"><span class='ocrx_word' id='word_1_228' title='bbox 271 3739 306 3778; x_wconf 91' lang='grc' dir='ltr'><strong><em>τι</em></strong></span> <span class='ocrx_word' id='word_1_229' title='bbox 333 3714 491 3780; x_wconf 75' lang='grc' dir='ltr'><strong><em>τοιοῦτον</em></strong></span> <span class='ocrx_word' id='word_1_230' title='bbox 498 3762 510 3791; x_wconf 87' lang='lat'><em>,</em></span> <span class='ocrx_word' id='word_1_231' title='bbox 534 3708 608 3780; x_wconf 80' lang='grc' dir='ltr'><strong><em>άλλ’</em></strong></span> <span class='ocrx_word' id='word_1_232' title='bbox 629 3711 689 3780; x_wconf 73' lang='grc' dir='ltr'><strong><em>ἐάν</em></strong></span> <span class='ocrx_word' id='word_1_233' title='bbox 712 3709 762 3798; x_wconf 79' lang='grc' dir='ltr'><strong><em>μη</em></strong></span> <span class='ocrx_word' id='word_1_234' title='bbox 784 3718 921 3800; x_wconf 79' lang='grc' dir='ltr'><strong><em>γένηται</em></strong></span> <span class='ocrx_word' id='word_1_235' title='bbox 946 3741 973 3779; x_wconf 91' lang='grc' dir='ltr'><strong><em>κ.</em></strong></span> <span class='ocrx_word' id='word_1_236' title='bbox 997 3739 1025 3777; x_wconf 89' lang='grc' dir='ltr'><strong><em>τ.</em></strong></span> <span class='ocrx_word' id='word_1_237' title='bbox 1049 3717 1078 3780; x_wconf 83' lang='grc' dir='ltr'><strong><em>λ.</em></strong></span> <span class='ocrx_word' id='word_1_238' title='bbox 1123 3715 1339 3782; x_wconf 70' lang='lat' dir='ltr'><strong>scribendum:</strong></span> 
     </span>
     <span class='ocr_line' id='line_1_34' title="bbox 273 3813 1339 3905; baseline -0.002 -22"><span class='ocrx_word' id='word_1_239' title='bbox 273 3815 378 3885; x_wconf 76' lang='grc' dir='ltr'><strong><em>ὥστε</em></strong></span> <span class='ocrx_word' id='word_1_240' title='bbox 400 3826 467 3902; x_wconf 86' lang='lat' dir='ltr'><strong>(pro</strong></span> <span class='ocrx_word' id='word_1_241' title='bbox 482 3816 564 3892; x_wconf 84' lang='grc' dir='ltr'><strong><em>τούς</em></strong></span> <span class='ocrx_word' id='word_1_242' title='bbox 590 3819 636 3899; x_wconf 78' lang='grc' dir='ltr'><strong><em>δέ)</em></strong></span> <span class='ocrx_word' id='word_1_243' title='bbox 659 3816 709 3904; x_wconf 77' lang='grc' dir='ltr'><strong><em>μή</em></strong></span> <span class='ocrx_word' id='word_1_244' title='bbox 733 3813 944 3905; x_wconf 77' lang='grc' dir='ltr'><strong><em>θαυμάζειν,</em></strong></span> <span class='ocrx_word' id='word_1_245' title='bbox 966 3821 1068 3905; x_wconf 67' lang='lat' dir='ltr'><strong>daque</strong></span> <span class='ocrx_word' id='word_1_246' title='bbox 1088 3841 1119 3884; x_wconf 80' lang='lat' dir='ltr'><strong>ae</strong></span> <span class='ocrx_word' id='word_1_247' title='bbox 1139 3843 1201 3883; x_wconf 83' lang='grc' dir='ltr'><strong><em>που</em></strong></span> <span class='ocrx_word' id='word_1_248' title='bbox 1221 3819 1339 3882; x_wconf 62' lang='lat' dir='ltr'><strong><em>miraei.</em></strong></span> 
     </span>
     <span class='ocr_line' id='line_1_35' title="bbox 275 3919 1341 4010; baseline 0.002 -22"><span class='ocrx_word' id='word_1_249' title='bbox 275 3925 372 4004; x_wconf 80' lang='lat' dir='ltr'><strong>Paulo</strong></span> <span class='ocrx_word' id='word_1_250' title='bbox 391 3925 514 4008; x_wconf 80' lang='lat' dir='ltr'><strong>pontin</strong></span> <span class='ocrx_word' id='word_1_251' title='bbox 538 3945 575 3992; x_wconf 89' lang='lat' dir='ltr'><strong>ea</strong></span> <span class='ocrx_word' id='word_1_252' title='bbox 599 3927 765 4005; x_wconf 82' lang='lat' dir='ltr'><strong>sententia,</strong></span> <span class='ocrx_word' id='word_1_253' title='bbox 787 3947 858 4010; x_wconf 84' lang='lat' dir='ltr'><strong><em>qua</em></strong></span> <span class='ocrx_word' id='word_1_254' title='bbox 878 3925 988 4010; x_wconf 87' lang='lat' dir='ltr'><strong>incipit</strong></span> <span class='ocrx_word' id='word_1_255' title='bbox 1009 3927 1047 3992; x_wconf 87' lang='lat' dir='ltr'><strong><em>ab</em></strong></span> <span class='ocrx_word' id='word_1_256' title='bbox 1069 3927 1117 3991; x_wconf 91' lang='lat' dir='ltr'><strong><em>his</em></strong></span> <span class='ocrx_word' id='word_1_257' title='bbox 1137 3927 1253 3992; x_wconf 87' lang='lat' dir='ltr'><strong>verbis:</strong></span> <span class='ocrx_word' id='word_1_258' title='bbox 1277 3919 1341 4009; x_wconf 81' lang='grc' dir='ltr'><strong><em>τήν</em></strong></span> 
     </span>
    </p>
   </div>
   <div class='ocr_carea' id='block_1_4' title="bbox 273 4021 1341 4118">
    <p class='ocr_par' dir='ltr' id='par_1_9' title="bbox 273 4021 1341 4118">
     <span class='ocr_line' id='line_1_36' title="bbox 273 4021 1341 4118; baseline -0.001 -22"><span class='ocrx_word' id='word_1_259' title='bbox 273 4023 302 4096; x_wconf 78' lang='grc' dir='ltr'><strong><em>δ’</em></strong></span> <span class='ocrx_word' id='word_1_260' title='bbox 324 4021 386 4097; x_wconf 78' lang='grc' dir='ltr'><strong><em>οὖν</em></strong></span> <span class='ocrx_word' id='word_1_261' title='bbox 409 4027 584 4114; x_wconf 77' lang='grc' dir='ltr'><strong><em>λαμπάδα,</em></strong></span> <span class='ocrx_word' id='word_1_262' title='bbox 608 4031 727 4098; x_wconf 78' lang='lat' dir='ltr'><strong>excidit</strong></span> <span class='ocrx_word' id='word_1_263' title='bbox 750 4035 833 4118; x_wconf 76' lang='grc' dir='ltr'><strong><em>φασί</em></strong></span> <span class='ocrx_word' id='word_1_264' title='bbox 856 4034 910 4098; x_wconf 81' lang='lat' dir='ltr'><strong><em>aut</em></strong></span> <span class='ocrx_word' id='word_1_265' title='bbox 931 4032 1033 4098; x_wconf 85' lang='lat' dir='ltr'><strong>simile</strong></span> <span class='ocrx_word' id='word_1_266' title='bbox 1054 4033 1193 4098; x_wconf 83' lang='lat' dir='ltr'><strong>verbum.</strong></span> <span class='ocrx_word' id='word_1_267' title='bbox 1233 4031 1341 4114; x_wconf 83' lang='lat' dir='ltr'><strong>Neque</strong></span> 
     </span>
    </p>
   </div>
   <div class='ocr_carea' id='block_1_5' title="bbox 0 0 1512 4676">
    <p class='ocr_par' dir='ltr' id='par_1_10' title="bbox 0 0 1512 4676">
     <span class='ocr_line' id='line_1_37' title="bbox 0 0 1512 4676; baseline 0 0"><span class='ocrx_word' id='word_1_268' title='bbox 0 0 1512 4676; x_wconf 95' lang='lat' dir='ltr'><strong><em> </em></strong></span> 
     </span>
    </p>
   </div>
  </div>
 </body>
</html>
