2954 4664
626 281 685 338 Lib.
706 281 729 338 1.
1125 281 1163 342 91

147 478 268 546 Valerio
291 481 427 548 Maximo
450 483 603 566 singulare
625 481 683 546 hoc
704 481 832 566 accidit,
854 481 934 566 quod
955 481 1047 546 codex
1069 479 1206 546 omnium

146 586 298 671 princeps,
319 588 495 668 Bomonsis,
517 587 728 654 additamenta
750 585 889 670 quaedam
912 587 1014 664 habet,
1040 587 1093 651 sed
1112 603 1210 668 pune·

146 691 185 756 tis
213 694 340 771 nomm,
375 693 457 776 quod
483 695 599 771 scribo,
632 692 809 777 diligentius
839 693 1029 758 considerato
1060 688 1210 774 exemplo,

149 797 228 878 quod
251 799 450 887 sequebatur,
472 798 628 864 intellexit
646 817 692 874 ee,
714 800 745 864 iu
766 797 906 882 margine
928 801 982 862 aut
1002 797 1082 862 inter
1103 815 1210 860 versus

148 903 302 980 annotata,
324 901 356 965 in
379 903 549 972 orationem
576 903 751 985 recipienda
771 921 832 968 non
856 902 969 978 inisse;
997 919 1068 966 uum
1091 901 1210 966 coniec·
1302 935 1305 944 ‚

148 1007 217 1070 tura
245 1023 283 1070 ea
304 1006 406 1073 delere
427 1008 553 1073 sanein
575 1011 712 1072 mentem
738 1025 797 1072 non
824 1010 918 1072 venit.
964 1007 1002 1071 Id
1023 1007 1067 1071 ita
1089 1006 1208 1072 esseio

150 1111 222 1188 VII,
245 1112 323 1188 6,ss
354 1113 567 1197 (effectum)
598 1115 670 1195 post
697 1113 841 1197 Pighium
873 1112 1016 1178 Halmius
1047 1111 1210 1190 intellexit,

149 1216 202 1280 sed
232 1216 333 1282 tribus
364 1218 440 1284 locis
466 1237 485 1284 a
511 1237 584 1283 vero
615 1219 774 1296 aberravit.
834 1217 915 1283 Nam
937 1217 995 1297 IV,
1020 1219 1209 1300 1,14per-

150 1321 288 1404 spicuum
311 1325 375 1401 est,
397 1343 413 1388 e
435 1324 537 1388 oodicc
558 1324 674 1406 optimo
702 1323 815 1388 additis
843 1323 960 1388 duabus
989 1323 1101 1388 litteris
1134 1325 1211 1389 sori-

150 1428 281 1492 bendum
304 1429 348 1492 sio
371 1447 452 1494 esse:
474 1429 544 1494 'iot
564 1425 734 1492 familiis
758 1425 801 1490 in
823 1447 895 1492 uno
917 1447 1061 1512 genere
1082 1429 1211 1494 laudis

151 1534 400 1613 enumeratis,
422 1534 602 1599 Porcium
622 1551 774 1608 nomen,
796 1533 902 1597 velut
924 1552 1055 1616 expers
1078 1535 1213 1599 huius·

152 1659 189 1704 oe
220 1641 370 1723 gloriae,
405 1637 566 1703 silentio
594 1633 901 1719 pretereundum
931 1639 1126 1722 esse-(cod.
1149 1641 1213 1721 se),

151 1747 264 1828 negat
285 1743 479 1828 posterior
495 1739 587 1808 Gat'o
610 1741 656 1824 (id
677 1744 734 1820 est,
756 1741 847 1808 factis
863 1743 925 1808 suis
941 1743 1089 1826 praeteriri
1103 1745 1211 1825 vetat).

152 1848 226 1924 Cum
254 1849 316 1914 levi
343 1867 442 1914 errore
468 1847 610 1912 turbatus
637 1847 781 1914 orationis
802 1867 896 1914 uerus
926 1849 1036 1925 esset,
1051 1852 1120 1931 post
1149 1869 1215 1914 ue-

152 1957 215 2037 gat
238 1954 378 2019 additum
402 1955 450 2018 est
469 1953 560 2018 fieri
581 1952 736 2030 debere,
759 1953 824 2030 sed,
847 1957 882 2018 ut
903 1953 975 2030 dixi,
995 1954 1027 2018 in
1048 1954 1113 2018 eod.
1135 1942 1214 2018 Ber-

28 2067 29 2076 ’
152 2061 237 2124 neusi
259 2064 413 2137 notatum,
434 2061 466 2124 in
489 2059 598 2125 ceteris
620 2057 687 2122 sine
708 2065 788 2122 no'a.
835 2057 1216 2139 Dev1,9,1etvl1,

28 2219 29 2242 ,
153 2166 410 2244 3,10iamnon
440 2183 515 2248 opus
540 2181 607 2230 esse
637 2164 712 2245 puto
740 2164 906 2246 separatim
935 2164 1004 2229 dici.
1054 2164 1147 2230 Gellii
1168 2167 1213 2230 lo·

28 2315 29 2350 3
153 2291 220 2336 cum
241 2272 267 2349 Ι,
291 2271 322 2348 3,
349 2270 389 2332 29
418 2269 569 2350 ¹facillime
596 2269 640 2334 sio
668 2267 896 2335 decurrentem:
930 2270 1107 2353 quonium
1133 2291 1214 2354 pro-

150 2377 250 2442 iecto
279 2395 482 2461 causarum
512 2393 553 2440 ao
586 2376 796 2456 temporum
828 2375 1046 2446 varietates
1076 2375 1217 2442 discri-

29 2515 30 2524 ι
153 2477 367 2563 miniumque
404 2499 446 2544 ao
484 2480 804 2545 differentiarum
836 2480 1053 2546 tenuitates
1086 2481 1214 2548 decre·

153 2583 502 2670 remunerentur)
526 2583 638 2668 atque
658 2588 886 2667 perpetuum
908 2584 1217 2668 distinctumque

154 2693 188 2756 in
220 2694 334 2756 rebus
367 2689 532 2774 singulis
565 2692 796 2772 preceptum
816 2707 955 2786 ...nson'
982 2690 1215 2778 cupiuntur

29 2859 30 2862 ,
155 2798 214 2874 est,
239 2815 301 2862 non
323 2795 474 2878 recipiunt
495 2813 551 2858 nec
573 2794 753 2878 admittunt)
781 2811 906 2876 prorsus
933 2793 1123 2875 perturbavit
1144 2815 1219 2880 par·
1313 2813 1314 2822 ¹

154 2902 292 2985 tioipium
331 2903 553 2984 ignorantes
584 2900 666 2964 inter
696 2899 917 2965 tenuitates
955 2899 986 2963 et
1021 2898 1218 2964 decretum

154 3009 279 3094 propter
310 3005 481 3089 longiorem
509 3004 669 3070 verborum
697 3006 807 3070 seriem
835 3007 867 3069 et
893 3005 1016 3088 propter
1042 3003 1214 3086 ignomtam

156 3113 238 3176 uerbi
264 3111 424 3192 capiunt
451 3111 515 3174 rim
540 3110 689 3174 additum.
738 3111 916 3176 Postremus
945 3111 987 3176 sit
1015 3127 1051 3174 er
1079 3109 1146 3174 hoc·
1161 3129 1218 3194 ge-

158 3235 226 3281 nere
248 3215 371 3280 Senecae
392 3217 478 3280 locus
504 3217 535 3279 in
558 3216 649 3296 epist:
671 3215 710 3278 36
732 3216 821 3292 extr,
851 3216 904 3280 ubi
932 3215 1013 3299 quod
1035 3215 1150 3280 editur:
1184 3215 1219 3280 si

159 3322 224 3388 hoo
246 3339 357 3386 unum
382 3320 670 3399 adiecero,·neo
696 3321 867 3384 infantes
894 3341 963 3386 nec
989 3303 1219 3403 pueros'nec

162 3502 352 3512 ----------,.--Ι

228 3611 276 3662 aut
292 3607 367 3662 ultra
384 3593 464 3672 guam
481 3601 705 3674 progrediendum
728 3620 782 3658 uon
807 3604 857 3668 sit,
884 3619 965 3676 prave
982 3601 1091 3658 additur
1110 3620 1221 3672 quan·

229 3703 316 3764 tum,
339 3697 376 3760 ΙΙ,
397 3700 437 3758 10,
462 3698 509 3749 ‘272
533 3696 642 3750 serito
661 3698 804 3761 tantum,
830 3697 1010 3766 [quantum]
1031 3697 1068 3748 ut
1087 3696 1220 3768 singuli

230 3791 342 3862 cyathi
367 3788 508 3842 seminis
537 3787 648 3841 locum
678 3792 844 3858 occupent
874 3787 984 3842 docem
1006 3787 1123 3856 pedum
1145 3789 1217 3844 lon·

232 3899 303 3952 gum
322 3883 355 3936 et
377 3880 529 3951 quinque
546 3879 668 3946 latum,
693 3883 720 3933 et
739 3881 760 3945 I,
779 3882 804 3946 4,
823 3883 853 3937 8:
878 3882 978 3949 atque
1002 3894 1085 3934 crece
1103 3881 1218 3950 pedem

232 3977 364 4028 tautum
383 3971 650 4038 complectatur,
675 3971 762 4041 quod
786 3972 836 4027 ait
855 3971 949 4038 Cato,
978 3973 1158 4042 [quantum]
1178 3989 1221 4027 ne

232 4067 316 4120 uilla
332 4065 469 4120 fundum
488 4066 617 4134 querat
634 4079 717 4119 neve
733 4063 861 4118 fundus
880 4063 1009 4118 villam.
