2944 4660
585 246 645 302 sib.
665 247 688 300 1.
1086 246 1125 310 31

116 444 270 508 extrema
290 444 487 510 Armenia
507 445 719 512 intrantem
803 495 810 509 .
836 446 941 510 abire
969 445 1105 528 prooul
1126 463 1169 514 ao

115 567 203 629 spem
224 549 324 614 belli
343 551 524 617 omittere
547 550 683 634 eoigit.
715 551 843 616 Pr0rsm
857 550 998 632 ineptum
1009 551 1057 616 est
1078 549 1169 632 quin

115 651 288 720 intransitu
310 653 465 722 adoliam
487 674 553 722 rem
574 675 696 738 prorsus
721 655 834 720 diversi
849 656 1032 738 asuperiore
1047 656 1169 738 generis

115 759 140 820 ot
157 760 206 824 uhi
225 779 266 824 ne
286 761 418 826 minima
439 761 564 844 quidem
582 763 631 828 est
644 779 790 848 aseensus
806 760 846 826 ad
860 761 961 826 maius
974 760 1168 844 significatio.

117 862 273 947 Sohpserat
302 866 449 932 Tacitus:
478 885 696 932 remeavere
723 866 832 950 quieti.
882 865 1083 932 Tiridaten
1109 866 1168 930 oet

116 970 538 1053 sponsalitiorum),
567 972 598 1048 3,
627 972 668 1034 34
697 972 730 1036 iu
757 972 912 1038 oodioihus
940 972 985 1036 eie
1006 969 1167 1036 serihitur:

117 1075 215 1140 Usum
245 1096 332 1142 esso
363 1075 547 1142 Catonem
574 1078 675 1142 dieit
703 1078 803 1162 (Tiro)
929 1075 1169 1159 argumentis

116 1199 229 1262 parum
250 1181 431 1248 honestis
453 1201 496 1248 ae
517 1201 589 1248 non
617 1182 692 1247 riri
719 1185 757 1248 et
783 1183 846 1265 qui
872 1183 949 1248 alio
979 1181 1072 1257 fuit,
1105 1180 1169 1246 sod

116 1286 218 1352 ratris
241 1307 283 1352 ae
306 1287 538 1354 fallaciosis.
581 1288 626 1354 lh
644 1287 915 1355 hisfltfaeillime:
938 1305 981 1352 ae
1004 1305 1074 1354 non
1095 1286 1170 1352 uiri

116 1393 197 1474 aqui
216 1392 318 1476 (equi)
340 1392 499 1475 alioqui,
521 1393 586 1458 sed
607 1392 728 1467 vntris
752 1411 794 1458 ae
815 1392 942 1456 fellae.
991 1391 1069 1456 Cum
1090 1390 1168 1458 alio

116 1497 202 1579 aqui
222 1498 403 1581 separatum
424 1499 515 1576 esset,
537 1499 595 1564 hoo
612 1498 737 1564 hausit
756 1498 790 1562 in
810 1497 895 1575 fuit,
917 1497 1028 1564 mediis
1051 1496 1169 1564 duahus

116 1601 211 1668 littoris
232 1603 377 1669 servatis.
425 1601 524 1680 Quam
545 1604 753 1670 neeessarium
775 1605 857 1668 esset
879 1601 1041 1686 alioqui,
1064 1621 1170 1670 sense-

39 1723 40 1734 *
117 1710 187 1785 runt,
212 1709 266 1792 qui
300 1708 346 1774 sie
377 1707 554 1774 edideurnt:
587 1709 665 1776 uiri
693 1709 796 1806 eiusq
821 1708 884 1792 qui
911 1707 1054 1790 alioqui
1082 1707 1169 1774 fuit.

117 1811 245 1880 Ceterum
268 1814 353 1897 apud
364 1814 491 1880 Latinos
512 1815 605 1895 paulo
628 1814 725 1880 rarior
745 1814 811 1878 haee
832 1812 955 1878 videtur
976 1831 1053 1890 osse,
1075 1831 1170 1895 quem

117 1919 183 2000 apud
212 1921 349 1997 Graeeos
387 1919 495 1984 erroris
528 1920 657 2003 speeies,
693 1920 725 1984 in
754 1937 818 2002 qua
850 1919 995 2004 longioris
1031 1919 1170 1984 venabuli

117 2025 199 2104 prima
218 2045 292 2109 pars
313 2042 368 2106 pro
389 2023 510 2106 integra
531 2041 603 2088 uooe
625 2023 765 2106 ponitur;
793 2024 918 2088 alterius
941 2023 1035 2101 illins,
1056 2024 1087 2088 in
1110 2043 1171 2108 qua

118 2147 162 2194 ror
188 2131 311 2216 integra
342 2128 491 2194 ooutlatur
519 2145 591 2192 oum
624 2130 765 2211 sequenti
796 2131 850 2194 ant
880 2129 983 2212 aliqua
1014 2131 1170 2214 sequentis

116 2237 201 2315 pane,
244 2235 386 2317 exempla
427 2232 598 2300 videamus.
676 2234 769 2318 Apud
811 2234 1012 2300 Plutarchum
1048 2237 1170 2320 quaestt.

40 2399 41 2406 ,
116 2356 186 2406 tous.
206 2343 262 2420 IV,
286 2342 316 2418 5,
338 2341 368 2417 2,
389 2341 409 2402 2
432 2340 474 2423 (p.
498 2338 561 2402 670*
580 2341 623 2423 A)
654 2340 769 2408 editum
802 2333 877 2424 Τήν
899 2342 934 2428 δὲ
956 2329 1000 2408 ὗν
1021 2335 1171 2428 α’ποχρη-

119 2446 220 2528 στῆσαι
252 2446 506 2529 astronomiae
539 2451 690 2532 λέγουσι,
718 2448 750 2510 et
777 2445 901 2512 additur
929 2446 1039 2512 deindo
1067 2466 1170 2526 eausa,

119 2569 161 2616 our
182 2551 276 2618 honos
305 2551 354 2616 sui
378 2551 536 2616 habeatur
598 2554 644 2618 llu
672 2553 765 2620 uerbo
793 2551 932 2618 inaudito
961 2553 993 2618 ot
1021 2553 1173 2636 partieula

120 2657 216 2722 aoifit
243 2651 327 2722 α’πό
363 2657 542 2742 χρηστῆς
571 2654 713 2731 αἰτίας
740 2657 921 2740 τιμᾶσθαι.
966 2656 1026 2722 Sed
1047 2675 1171 2739 prorsus
1272 2725 1282 2734 ,

121 2763 212 2828 eodem
235 2781 354 2840 errore,
384 2782 443 2846 quo
472 2761 523 2828 hie
537 2762 696 2852 ¹inlihro
718 2765 818 2848 exigui
838 2764 939 2845 pretii,
961 2763 1090 2828 verbum
1112 2782 1172 2829 nou

120 2864 205 2932 ninus
223 2869 391 2934 barbarum
404 2871 512 2934 natum
527 2871 574 2934 est
588 2868 670 2952 apud
679 2869 815 2934 nobilem
829 2870 961 2952 postam,
983 2868 1172 2950 Euripidem,

121 2968 344 3040 hHaraohdis
376 2973 438 3038 495
471 2974 557 3056 (narn
588 2973 761 3041 Nanohinrn
798 2975 942 3057 quattuor
974 2991 1081 3040 verens
1113 2971 1174 3038 sihi

121 3075 249 3144 molestos
276 3078 361 3144 faolli
390 3079 511 3144 delendi
540 3097 633 3160 opera
659 3079 856 3173 amolientem
877 3098 938 3146 non
959 3078 1083 3161 moror),
1119 3079 1174 3146 ubi
1290 3075 1299 3102 ²

122 3197 180 3244 oum
198 3187 289 3266 posita
309 3183 501 3266 scripsisset:
538 3189 569 3252 εἰ
589 3177 639 3271 μή
661 3209 693 3250 τι
719 3178 849 3250 τούτων
875 3191 913 3262 ,ἐξ
945 3177 1174 3268 ἀμηχάνων

125 3287 209 3367 ἴμεν
230 3290 319 3366 (uisi
341 3308 382 3354 eu
403 3289 461 3357 his
483 3289 793 3356 diftioultatibus
815 3309 881 3356 nos
904 3289 1173 3375 expediemus),

124 3392 239 3459 mutato
273 3387 507 3480 ἐξαμηχάνων,
547 3396 726 3480 corrigendo
761 3395 856 3460 futuri
890 3396 1039 3479 temporis
1071 3396 1175 3479 aliqua

125 3493 209 3562 torma
219 3500 321 3566 affinia
332 3497 730 3588 θε1(ἐξαμηχανήσομεν).
753 3501 957 3588 InPlutarohi
965 3502 1174 3580 dimensam

126 3599 168 3662 uhi
185 3603 216 3668 in
236 3605 309 3672 vitis
324 3607 485 3674 hominum
499 3606 659 3674 narrandis
673 3607 867 3690 potissimum
881 3608 914 3672 in
923 3608 1069 3690 'pulchris
1083 3605 1174 3672 fantis

127 3703 338 3776 immorandum
350 3712 434 3789 dioit,
456 3713 523 3778 haeo
536 3711 727 3784 scribuntur:
751 3718 787 3778 ἐν
799 3726 871 3785 τοῖς
882 3716 997 3787 καλοῖς
1018 3706 1175 3796 donatq-

128 3816 235 3889 ρωτὲον
267 3812 380 3900 ὥσπερ
415 3811 602 3902 ὁμοιότητα
643 3812 709 3904 τήν
745 3812 927 3903 ἀλήθειαν.
998 3818 1059 3884 Sed
1099 3818 1178 3884 nihil

130 3917 235 3984 omino
256 3923 304 3988 est
324 3919 443 4006 explere
475 3924 639 3990 ueritatem
665 3926 846 4008 tanquam
874 3923 1177 3990 similitudinem

131 4016 218 4100 (quasi
241 4025 410 4094 similitudo
432 4030 501 4113 sit);
536 4029 605 4112 ipsa
635 4029 748 4094 veritas
779 4029 855 4110 (dio
876 4027 1177 4109 Wirkliohkeit),

132 4131 374 4204 quamsimillims
386 4135 453 4200 fieri
470 4137 582 4218 potest,
604 4133 868 4216 exprimendeost
890 4134 981 4216 idque
993 4133 1177 4198 Plutarchus
