2944 4660
588 283 648 340 Lib.
666 283 689 338 1:
1087 284 1126 347 81

117 482 229 566 angulis
250 485 424 565 protractos
445 481 580 548 reditum
595 486 652 549 est
681 481 802 566 ⁴illeque
817 482 991 546 mirandum
1003 485 1060 560 est,
1081 484 1170 548 iusta

116 577 217 652 horum
247 588 376 652 testium
403 587 581 652 reverentia
617 577 742 670 adiungi
771 603 947 669 perversam
979 589 1190 670 superstitio,

117 711 179 756 nem
206 692 368 756 hominum
394 711 493 776 neque
517 711 642 757 omnem
663 689 940 769 codicum,··.etiam
966 677 1169 776 antiquorum,

117 797 325 861 condicionem
341 799 593 882 perspicientium
614 816 711 881 neque
733 785 983 863 etauctoritatis
998 801 1034 863 et·
1043 799 1170 872 rationis

116 903 267 971 momenta
294 902 374 967 inter
400 921 433 968 se
463 903 666 986 comparanda
691 901 828 985 ingenio,
858 903 1084 981 exercitatione,
1106 923 1171 970 ser—

117 1009 210 1074 monis
249 1025 414 1091 rerumque
449 1008 644 1091 antiquarum
678 1007 806 1072 scienta
836 993 921 1071 satis
941 1009 1170 1088 instructorum,

118 1121 163 1179 aut
192 1131 262 1178 esse
285 1114 398 1191 etiarn,
430 1114 482 1196 qui
504 1131 523 1177 a
542 1113 675 1194 simplici
696 1113 830 1178 veritate·
847 1113 886 1178 ad
906 1113 1171 1196 interpolationem

118 1217 358 1302 amplectendam
378 1219 599 1300 ipsalicenniee
621 1218 770 1302 singulari
791 1218 1003 1300 magnitudine
1016 1221 1171 1303 'tanquam

120 1323 268 1388 thesauro
281 1323 406 1388 invento
419 1325 541 1407 decepti
561 1322 781 1405 relabentem).
824 1322 887 1387 Sed
908 1303 1033 1428 dstote
1050 1325 1108 1390 hoo
1119 1343 1169 1389 co-

120 1429 216 1493 dicmn
247 1429 443 1507 discrimine,
475 1430 618 1513 quodie
636 1445 818 1511 unoquoque
839 1429 984 1511 scriptore
1006 1430 1172 1511 separatim

119 1535 309 1600 necandum
331 1535 394 1611 est,
417 1535 486 1600 dixi·
499 1535 561 1600 iem
582 1535 641 1616 hoc
662 1535 726 1598 loco
748 1535 798 1618 agi
819 1553 881 1599 non
902 1553 1001 1616 posse.
1047 1535 1173 1601 Brevis·

121 1641 204 1718 sime,
239 1640 322 1724 quod
348 1641 410 1704 dixi
438 1641 475 1705 de
503 1641 632 1706 sublatis
655 1639 825 1704 recentiore
853 1639 1087 1720 interpolatione
1108 1642 1173 1704 veri

121 1746 242 1824 indiciis,
266 1763 333 1828 quae
354 1745 454 1826 prima
475 1746 580 1810 mendi
600 1746 699 1810 forma
719 1747 752 1809 in
775 1745 910 1828 antiquis
927 1743 1086 1810 codicibus
1101 1763 1173 1810 con·

30 1863 31 1866 ’
121 1852 265 1928 inentur,
296 1841 423 1916 duobus
434 1851 590 1934 exemplis,
613 1851 719 1917 Graeoo
741 1853 847 1928 altero,
870 1851 965 1914 altero
988 1851 1096 1926 Latino
1118 1853 1173 1916 de·

122 1959 245 2030 curabo.
294 1957 384 2022 Plato
406 1957 487 2040 legg.
509 1957 570 2038 Ip.
585 1957 646 2020 633
668 1957 697 2020 D
718 1957 929 2020 fortitudinem
950 1953 1083 2038 positatm
1105 1975 1173 2023 esse

121 2065 188 2129 dicit
206 2064 240 2127 in
263 2061 432 2128 certamine
448 2080 508 2126 non
520 2059 618 2126 solum
633 2079 704 2125 cum
715 2053 874 2125 timoribus
887 2062 919 2126 et
932 2062 1173 2144 aegritudinibus,

121 2169 170 2232 sed
194 2169 290 2232 etiarn
319 2183 390 2230 curn
418 2165 595 2231 desideriis
611 2168 642 2256 et
669 2167 878 2249 voluptatibus
901 2167 932 2230 et
953 2167 1174 2233 blandimentis

30 2329 31 2334 ,
121 2273 296 2338 adulatoriis
318 2273 485 2351 (denelae
508 2265 686 2344 κολακικάς
710 2271 868 2354 appellat),
883 2274 996 2336 ἀἳ-καὶ
1013 2273 1079 2336 Γιών
1095 2299 1175 2358 σεμ-

121 2381 183 2442 νῶν
211 2382 380 2460 οἰομένων
411 2376 507 2442 εἶναι·
526 2371 608 2448 τούς
638 2373 784 2462 depende
799 2371 990 2442 metodorus
1020 2377 1071 2442 sic
1094 2381 1175 2445 enim

121 2484 234 2550 codices
255 2485 388 2560 habent,
409 2483 496 2550 nulla
518 2481 679 2548 sententia.
726 2483 835 2565 ltaque
857 2483 889 2546 in
909 2483 1066 2548 codicibus
1094 2485 1176 2550 Bek-

119 2589 180 2654 keri
200 2591 232 2674 (e
255 2589 388 2672 septem)
410 2587 526 2653 duobus
549 2587 660 2670 (altero
682 2589 817 2652 omnium
842 2579 970 2670 optim'o)
989 2589 1023 2651 in
1038 2591 1176 2674 margine

120 2693 303 2760 adscribitur
328 2695 436 2774 aperta
456 2692 626 2757 coniectura
648 2694 821 2777 κηρίνους,
843 2693 891 2758 ,in
906 2707 972 2762 'uno
992 2695 1109 2757 recenti
1131 2693 1177 2758 al-

118 2801 181 2864 tera
200 2817 312 2864 manus
335 2799 445 2862 hocin
467 2800 613 2862 contextu
629 2799 732 2880 posuit
754 2799 841 2884 (κηρ.
861 2798 1042 2880 ποιοῦσιν),
1063 2798 1096 2862 in
1117 2819 1177 2866 uno

119 2903 191 2968 item
213 2904 332 2973 recenti
352 2903 460 2968 statim
482 2903 629 2986 scriptum
652 2907 709 2982 ast,
732 2903 788 2969 sed
808 2908 878 2987 post
899 2904 1067 2968 ποιοῦσιν.
1114 2905 1178 2968 De-

118 3010 186 3074 inde
215 3009 326 3074 eadem
357 3009 455 3073 altera
484 3023 594 3074 manus
622 3009 660 3073 in¹
684 3007 792 3074 eodem
814 3010 919 3074 codice
940 3003 1175 3094 μολοττουοαι

120 3114 254 3192 οᾶοὶᾱίοξ
281 3114 388 3197 itaque
418 3113 518 3182 editur
544 3113 598 3178 aut
617 3107 852 3196 parascevem
876 3119 1034 3200 κηρίνους
1057 3103 1179 3180 ποιού-

124 3245 175 3284 σιν
196 3221 250 3285 aut
279 3221 313 3302 (a
332 3219 567 3298 recentissimis)
590 3221 712 3284 tantum
737 3222 1001 3305 epp'aozoe'reeo,
1025 3227 1080 3286 nec
1095 3223 1177 3304 quis-

125 3343 212 3405 quam
233 3325 326 3403 vidit·
345 3325 386 3388 in·
400 3325 527 3407 antiqua
547 3327 698 3408 scriptura
718 3345 812 3392 unam
825 3327 998 3400 addendam
1012 3345 1079 3392 esse
1093 3328 1179 3391 nuc

76 3447 80 3454 ’
124 3447 203 3508 ram,
222 3435 259 3496 ut
282 3424 458 3496 efficeretui
485 3429 612 3495 verbum
632 3431 787 3514 poeticum
815 3433 846 3496 et
876 3432 999 3514 elegans
1029 3433 1074 3496 de·
1088 3433 1180 3497 vehe-

127 3634 317 3644 ——ffl

145 3800 168 3864 ¹)
191 3801 266 3855 Nihil
285 3802 314 3865 in
333 3799 384 3852 hoc
402 3789 501 3864 genere
517 3798 667 3866 perversius
686 3814 765 3866 quam
784 3799 857 3867 quod
884 3800 916 3855 A.
936 3798 968 3853 G.
995 3801 1135 3870 Zumptins
1151 3802 1180 3854 in

195 3892 325 3947 Ciceronis
350 3889 514 3943 orationibus
532 3890 645 3956 agrariis
671 3895 698 3943 et
717 3907 765 3959 pro
783 3891 894 3944 Murena
912 3893 1059 3955 commisit,
1079 3891 1111 3945 de
1129 3909 1181 3960 quo

196 3986 243 4039 etsi
264 3981 389 4038 Halmius
412 3979 490 4042 dixit,
515 3982 635 4050 quadam
659 3982 726 4035 alibi
745 3981 870 4036 addam'
893 3981 1050 4036 Nam'nihil
1072 4001 1103 4037 er
1125 3985 1181 4038 illis

198 4077 314 4132 sordibus
330 4072 535 4142 relinquendum
553 4076 603 4129 cet.

176 4191 366 4226 meorumnam..
379 4189 427 4222 cm.
872 4195 887 4232 ῃ
967 4171 982 4216 6
