3014 4666
302 263 361 325 272
735 262 794 320 lab.
808 263 849 320 ΙΙ.

260 482 349 544 quem
373 461 548 526 Diudcrfius
570 463 714 544 sequitur,
737 463 879 526 lacunam
906 465 976 528 aute
1004 466 1084 530 huuc
1106 481 1230 530 versum
1249 485 1317 529 esse

260 569 423 663 statuebat.
457 568 519 632 Sed
540 568 615 632 nihil
627 567 764 632 excidere
779 567 887 650 potuit,
909 589 967 651 quo
988 573 1071 634 reete
1092 569 1124 634 id
1144 570 1320 647 referretur,

260 675 403 756 quoniam
425 673 527 738 nuilus
548 692 626 738 unus
649 674 797 738 nominari
811 676 912 755 potest
925 675 1019 750 locus,
1041 675 1135 740 ubiet
1151 674 1319 758 Charybdis

259 779 422 861 angustum
447 779 531 860 rupis
551 777 748 842 intervallum
769 779 953 844 habitaverit
973 782 1004 844 et
1026 779 1154 862 Cyclops
1179 783 1210 846 ct
1222 780 1317 859 Circe,

259 888 315 949 cei.
358 884 497 948 Primum
520 883 614 967 igitur
634 883 798 948 faciemus:
835 879 859 967 ἢ
880 881 1000 950 στενόν
1021 887 1161 952 διἀυλον
1182 883 1316 971 ᾤκισται

258 999 395 1074 uesper,
419 989 528 1054 deinde
550 1007 586 1052 ex
607 988 719 1052 litteris
741 981 814 1053 οὐδ’
836 991 1005 1058 efficiemus
1030 984 1112 1070 οἶδ,
1135 993 1171 1056 ut
1190 993 1248 1060 sit:

392 1089 485 1170 οἶδ’,
507 1089 531 1178 ἢ
553 1088 673 1160 στενδν
696 1094 836 1160 δίαυλον
857 1093 993 1182 ᾤκισται
1016 1101 1154 1180 πέτρας,

391 1195 484 1285 δεινή
507 1185 699 1286 Χάρυβδις,
723 1193 889 1284 ω’μόφριον
910 1195 939 1266 τ’
961 1197 1143 1288 ἐπιστάτης
1214 1217 1216 1224 “

391 1299 543 1382 Κύκλωψ
565 1332 592 1370 ιι.
615 1333 644 1372 τ.
667 1308 696 1370 λ.

356 1413 460 1484 Scire
482 1414 513 1478 et
525 1411 692 1495 Charybdis
707 1414 740 1476 ot
751 1410 879 1495 Cyclops
890 1414 923 1478 et
932 1414 1044 1491 cetera,
1067 1403 1316 1494 etia'minauima

150 1571 151 1575 ,
256 1518 397 1583 dicuntur
418 1521 449 1582 ct
469 1519 566 1582 testes
589 1536 656 1582 esse
678 1511 791 1594 eorum,
813 1537 879 1600 quae
905 1518 1008 1584 futura
1029 1519 1203 1586 Cassandra
1224 1523 1314 1587 canit.

354 1621 422 1688 Ibd.
444 1623 505 1683 476
528 1642 612 1705 sqq-:⁴
1273 1703 1277 1708 Ι

337 1721 398 1794 οὐκ
421 1722 575 1813 decepte
597 1725 715 1800 άλλως,
738 1721 810 1791 ἄλλ’
831 1721 1045 1813 ὑπερτάτους
1067 1731 1224 1815 Φρυγῶν·

337 1831 379 1900 ου’
408 1829 528 1920 Τρῳάς
548 1826 621 1898 οὐδ’
641 1827 801 1920 Ἐδληνὶε
824 1828 901 1898 οὐδὲ·
922 1828 1098 1921 βάρβαρος

336 1937 423 2026 γυνή
446 1941 589 2006 τεκοῦσα
614 1930 823 2021 κομπάσειεν
846 1937 888 2004 άν
911 1967 1006 2008 ποτε.
1048 1948 1050 1952 ’

352 2046 449 2110 Deest
476 2046 566 2111 verbo
595 2046 737 2110 ιειιοὺσα
768 2045 935 2123 obiectum;
966 2047 1069 2130 itaque
1098 2048 1235 2125 inerunt,
1264 2051 1316 2131 qui

251 2151 420 2216 scriberent
456 2146 516 2224 οὓς
558 2145 684 2236 Τρῳάς,
718 2151 799 2234 quod
830 2152 962 2218 debebat
995 2159 1089 2226 οἵους
1122 2171 1204 2228 esse;
1242 2173 1314 2220 nam

252 2258 369 2322 nullam
401 2258 494 2330 eliam
530 2257 679 2322 feminam
710 2257 864 2342 peperisse
898 2257 1034 2322 Hecubae
1069 2259 1190 2336 liberos,
1221 2259 1312 2340 inep-

250 2364 405 2429 tissimum
428 2366 485 2429 est
527 2363 701 2428 Dindorfius
722 2362 811 2428 facile
842 2362 1035 2444 compedit,
1065 2382 1092 2426 v.
1115 2364 1176 2424 477
1197 2366 1229 2430 et
1251 2366 1311 2427 478

251 2471 359 2536 deletis
381 2463 475 2534 etiam
497 2473 603 2536 centra
626 2467 752 2551 Apsiuis
776 2466 904 2534 rhetoris
926 2468 1144 2536 testimouium.
1189 2470 1310 2548 Quanto

249 2575 348 2640 lenius
371 2580 437 2640 erat
460 2575 608 2640 scribere:
1052 2609 1054 2618 ι

405 2674 446 2774 σά
472 2676 589 2764 Τρῳάς
612 2670 683 2744 οὐδ’
703 2672 862 2760 Ἑλληνὶς
879 2671 961 2744 οὐδὲ
981 2671 1158 2763 βάρβαρος
1236 2723 1239 2734 ·

395 2782 490 2874 »γυνή
512 2788 655 2852 τειιουσα
678 2776 887 2866 κομπάσειεν
909 2778 954 2849 ἄν
975 2786 1129 2857 ‘co-love.
1215 2787 1217 2796 ’

247 2893 392 2959 Fortasse
416 2893 537 2958 errandi
552 2911 651 2982 pausa
671 2889 731 2954 ruit
752 2913 782 2952 οι
805 2892 988 2972 correptum.

346 2997 412 3062 Ibd.
435 2999 496 3058 540
518 2999 550 3062 in
570 2996 684 3062 litteris
706 2989 809 3078 φόνια
832 2994 975 3078 πατρίδι
998 3013 1092 3060 unum
1120 2997 1225 3064 Subest
1252 2997 1307 3060 ad·

244 3104 397 3172 iectivum,
427 3104 631 3186 compositum
664 3102 703 3168 od
740 3095 870 3180 δάπεδα
904 3103 1026 3183 aptum3
1059 3102 1138 3183 quod
1165 3103 1216 3180 sit,
1248 3122 1305 3167 uon

244 3211 375 3293 reperior
401 3212 475 3293 puto
497 3207 696 3291 posteriorem
718 3210 839 3290 partem
861 3226 928 3272 esse
950 3231 1100 3290 παρειος.

342 3315 408 3384 Ibd.
430 3316 509 3378 891:

391 3416 504 3504 Ὁρῶν
527 3420 560 3485 δὲ
582 3417 683 3503 τήνδε
706 3421 821 3505 φεῦγε,
843 3411 895 3502 μή
916 3410 944 3484 o'
966 3419 1026 3506 ἕλῃ
1048 3411 1159 3502 πόθῳ.

128 3596 132 3603 ,
263 3551 265 3556 ·
341 3528 431 3592 Iubet
459 3526 586 3591 Hecuba
615 3527 790 3590 Menelaum
818 3525 914 3588 vitare
942 3527 1138 3607 conspectum
1159 3522 1302 3596 Helenam

240 3615 373 3695 nondum
395 3631 478 3706 enim
500 3651 568 3696 eam
590 3632 667 3696 vidit
689 3633 721 3696 et
740 3631 832 3696 dictis
854 3630 979 3696 demum
1001 3630 1049 3694 his
1072 3627 1208 3694 versibus
1233 3645 1302 3690 eam

150 3749 153 3755 ·
239 3737 420 3820 protrahunt
445 3737 554 3803 famuli
582 3757 598 3802 e
627 3738 771 3812 tentorio,
803 3737 854 3800 ubi
888 3739 974 3800 erant
1001 3733 1137 3818 captivae-
1156 3737 1196 3812 (v.
1231 3728 1300 3806 87],

238 3829 266 3906 τ.
290 3843 351 3905 880
373 3850 441 3926 sqp.
469 3843 592 3926 'Itaque
614 3844 777 3925 scripserat
797 3841 975 3924 Euripides:
1129 3927 1136 3936 ,

384 3941 510 4031 Ὁροῖν
532 3948 566 4014 δὲ
588 3941 689 4032 τήνδε
712 3947 828 4032 φεῦγε,
851 3940 900 4029 μή
919 3939 948 4013 c’
970 3949 1027 4031 ἕλῃ
1049 3939 1161 4031 πόθῳ..
1273 4003 1275 4008 .
