2954 4664
284 315 344 376 174
713 313 773 371 Lib.
791 313 815 371 1.

242 533 311 580 eum
332 513 639 580 nondumadmotam
653 513 799 594 sciam¹);
821 531 935 596 paucos
957 514 1105 597 quosdam
1126 515 1210 580 locos
1231 535 1302 598 per-

242 639 383 698 curram,
416 621 449 685 in
473 620 583 703 quibus
604 620 695 702 paulo
727 618 820 684 altius
842 620 941 685 latens
969 621 1174 706 autnliunde
1202 624 1303 686 ortum

242 727 389 791 mendum
412 725 634 790 dubitationem
656 724 764 788 afferre
779 741 869 805 posse
884 726 1015 791 ridetur.
1060 726 1199 791 Primum
1222 727 1303 790 enim

243 833 323 915 apud
342 822 507 898 'Platonem
527 831 559 894 in
580 829 708 894 Phaedro
735 848 765 910 p.
789 830 848 891 235
872 831 899 894 D
924 833 1121 897 Hormannus
1145 851 1162 896 e
1184 832 1304 896 coniec-

242 941 312 1003 tura
334 938 435 1003 Wexii
457 937 594 1018 scripsit:
623 936 724 999 τοῦτο
747 929 843 1009 αὐτό,
867 931 887 1001 ὃ
909 939 1026 1023 λέγεις,
1050 938 1213 1020 αοιίγσον·
1237 938 1304 1002 τῶν

244 1048 280 1109 ἕν
303 1045 347 1127 τῷ
370 1044 492 1127 βιβλίῳ
514 1042 637 1125 βελτίω
669 1067 703 1104 ‘rs
736 1042 789 1104 noi
812 1037 862 1124 μή
887 1037 1011 1107 ἐλάσιοι
1035 1053 1131 1126 ἕτεροι
1156 1036 1304 1128 ὑπόσχες

245 1155 366 1226 εἰπεῖν,
390 1146 520 1244 νούσων
542 1140 766 1231 οἷπεχόγιενος,
790 1147 931 1223 barbare;
954 1165 1051 1231 neque
1075 1149 1156 1212 enim
1180 1147 1304 1212 Graecus

244 1257 404 1340 quisquam
429 1255 538 1340 ιἰπιχω
562 1257 673 1318 εἰπεῖν
695 1253 779 1326 dixit,
802 1256 837 1317 ut
859 1254 941 1317 esset
962 1253 1134 1334 suscipio
1160 1253 1304 1329 dicere;

244 1363 336 1444 vulgo
367 1362 515 1426 edebatur
542 1353 768 1442 ὑποσχέθητι,
799 1357 830 1421 in
853 1357 1015 1422 'codicibus
1041 1359 1089 1422 est
1115 1351 1305 1442 ὑποσχέσει.

245 1466 305 1531 Sed
328 1467 427 1531 omnis
449 1464 647 1549 promittendi
674 1463 856 1548 significatio
881 1464 953 1528 hinc
979 1463 1080 1528 aliena
1110 1466 1177 1541 est;
1205 1465 1307 1548 agitur

245 1571 326 1635 enim
359 1572 396 1634 de
425 1589 473 1646 eo,
504 1572 583 1654 quod
613 1570 754 1634 Socrates
780 1569 843 1632 iam
871 1568 1058 1652 significarat
1086 1587 1118 1633 se
1145 1569 1308 1643 sactumm,

246 1675 447 1758 exsequendo,
469 1678 548 1760 quod
564 1679 589 1741 si
602 1676 744 1740 Socrates
762 1673 878 1748 fecerit,
901 1675 967 1756 ipse
979 1673 1125 1740 Phaedrus
1147 1675 1307 1757 praemium

248 1823 444 1834 Qun——

273 1895 295 1964 ²)
315 1897 346 1948 In
365 1897 489 1951 Platonis
507 1897 640 1952 Phaedone
657 1915 682 1967 p.
696 1899 775 1955 841)
794 1897 965 1953 scribendum
982 1899 1039 1954 esc:
1059 1897 1086 1952 εἴ
1100 1918 1137 1966 πή
1153 1893 1220 1966 ,ὑμῖν
1240 1898 1307 1963 ocri·

316 2009 393 2043 νεται
426 1989 535 2061 βέλτιον
566 1986 602 2044 ἂν
630 1995 765 2060 λεχθῆναι
797 1989 927 2052 (sicubi
955 1979 1051 2044 vobis
1081 1988 1205 2043 melius
1235 1987 1309 2042 dici

275 2133 282 2150 ‚
315 2097 411 2150 posse
439 2083 589 2149 videtum
620 2083 701 2151 vulgo
730 2085 838 2154 βέλτιον
865 2087 1012 2152 λεχθῆναι,
1043 2083 1073 2138 id
1100 2085 1154 2148 est,
1184 2080 1310 2136 meiius

317 2173 445 2228 dictum
463 2182 560 2240 esse),
590 2191 617 2244 p.
636 2179 687 2232 105
701 2176 737 2230 A:
777 2174 845 2230 αὐτὸ
864 2177 896 2230 τὸ
916 2174 1052 2244 ἐπιφέοον
1076 2174 1126 2243 τήν
1143 2177 1194 2230 τοῦ
1213 2173 1309 2240 ἐπιφε-

318 2268 437 2335 ρομένου
469 2265 646 2336 ἐναντιότητα
676 2271 813 2337 μηδέποτε
849 2270 983 2334 δέξεσθαι
1019 2274 1203 2336 (nunquam
1232 2280 1309 2320 ease

318 2361 556 2428 accepturum,
581 2359 739 2428 accipere
758 2377 822 2414 non
840 2376 953 2429 posse3
979 2359 1060 2428 vulgo
1081 2361 1249 2424 δέξασθαι);
1280 2357 1309 2410 in

318 2449 437 2520 Euthyd.
457 2467 483 2520 p.
503 2453 555 2506 278
574 2450 611 2505 C:
632 2449 738 2521 ἐφάτην
756 2453 809 2521 γὰρ
832 2451 1023 2518 ἐπιδείξεσθαι
1039 2450 1310 2518 (σ.ἕπιδει’ξασθαι)’,

320 2541 645 2612 (Protag.p.3160recte
658 2544 793 2614 Sauppius
811 2548 873 2613 post
887 2543 1053 2614 Stephanum
1071 2547 1099 2598 et
1118 2559 1169 2608 me,
1187 2541 1312 2611 idemque

320 2649 346 2703 p.
360 2636 411 2689 346
424 2633 497 2688 Bitu
515 2637 657 2700 enarravit,
677 2640 709 2690 ut
727 2635 903 2690 enarrandum
921 2638 1039 2691 dixeram
1059 2638 1087 2690 in
1106 2635 1197 2691 annul.
1215 2633 1311 2704 philol.
1328 2651 1330 2666 ·

319 2725 446 2780 Denici
474 2743 500 2795 p.
519 2729 581 2792 34·,)
609 2727 637 2780 iu
661 2727 849 2782 Demosthenis
874 2732 941 2784 crat.
964 2729 1043 2792 XVI,
1074 2731 1109 2784 20
1138 2728 1204 2794 (nisi
1227 2743 1314 2796 nuper

320 2817 477 2872 Dindorfius
494 2821 543 2871 aut
560 2819 630 2872 alius
648 2819 810 2887 emendavit)
829 2821 998 2875 scribendum
1017 2823 1073 2875 est:
1093 2817 1170 2888 οἶμαι
1189 2819 1314 2888 ...ἐμοὶ

320 2909 410 2964 ταύτὰ
428 2910 527 2979 φήσειν
544 2916 604 2978 (pro
622 2916 734 2981 φήσαι),
751 2913 780 2966 in
799 2913 897 2976 XXIV,
916 2917 962 2970 68:
983 2915 1078 2982 οἴομαι
1096 2911 1316 2984 ἁπάνταςλὺμᾶς

322 2998 511 3072 ὁμολογήσειν,
531 3005 589 3056 δεῖν
600 3023 658 3058 ππ.
670 3011 693 3059 2.
713 3009 752 3070 (v.
767 3001 953 3075 ὁμολογῆσαι),
971 3006 1097 3067 inXLll,
1114 3009 1161 3062 122
1179 3006 1314 3074 ἐπείσθην

323 3095 374 3165 τήν
392 3093 442 3164 μὲν
461 3093 580 3154 σύνοδον
602 3137 607 3148 .
627 3135 635 3152 .
654 3135 660 3148 .
679 3095 847 3167 ὁμολογήσαι
865 3099 1035 3169 ποιήσεσθαι
1060 3101 1098 3164 (v,
1117 3091 1315 3168 ποιήσασθαι).

325 3187 397 3254 oure
422 3173 563 3256 trengam
591 3187 705 3244 roronem
731 3190 825 3262 chrys.
856 3191 994 3259 (cxxiv,
1022 3191 1050 3244 11
1080 3207 1108 3260 p.
1131 3193 1183 3247 ser
1202 3191 1236 3254 R,
1266 3189 1316 3244 nor

323 3279 492 3334 scribendum
517 3282 571 3334 est:
604 3281 735 3350 μηδέποτ’
766 3280 802 3337 ἂν
832 3283 1032 3353 ἐγκαταλιπεῖν)
1063 3285 1112 3337 aut
1139 3282 1317 3337 Plutarchum

324 3371 367 3438 (de
385 3371 457 3428 adul.
476 3373 504 3424 et
521 3371 607 3425 amico
624 3388 646 3425 c.
665 3377 699 3430 26
717 3392 744 3444 p.
764 3377 798 3431 67
815 3377 851 3445 D)
872 3377 921 3431 out
938 3371 1135 3430 Philostratu'm
1155 3375 1316 3446 (ria-Apol-

324 3461 395 3523 lunia
410 3463 472 3528 VII,
491 3467 539 3521 33:
564 3464 760 3534 ἀκροάσασθαι
778 3464 853 3540 ᾤετο,
896 3470 973 3533 VIII,
996 3473 1013 3525 8
1031 3471 1102 3531 recte
1116 3467 1210 3523 editur
1228 3463 1316 3540 ᾤοντο

326 3541 413 3612 adron
445 3555 600 3630 βοήσεσθαι
718 3559 900 3630 ποιήσεσθαι,
929 3561 976 3615 sed
1002 3561 1080 3625 VIII,
1105 3565 1147 3626 16,
1174 3564 1191 3617 3
1218 3559 1318 3613 iterum

324 3647 524 3716 ἀκροάσασθαι
549 3647 645 3723 ᾤοντο,
672 3654 776 3706 rectum
793 3656 882 3707 tamen
900 3669 915 3706 e
932 3653 1036 3708 duobus
1053 3653 1129 3709 codd.
1147 3654 1319 3719 annotatur),

266 3785 268 3790 .
326 3731 380 3792 nisi
399 3743 432 3794 nt
449 3741 588 3796 ostendam
606 3741 705 3813 ubique
718 3760 807 3824 unum
814 3748 845 3803 et
854 3746 968 3800 alterum
982 3745 1099 3801 ciusdem
1118 3745 1208 3800 forme
1227 3759 1319 3798 occur·

326 3835 401 3886 rere?
438 3835 471 3886 In
489 3835 602 3889 Luciani
619 3831 765 3905 piscandi)
781 3843 811 3892 et
823 3837 968 3894 Anachars.
974 3856 995 3895 c.
1001 3841 1037 3895 24
1054 3839 1100 3892 vix
1118 3835 1196 3891 credo
1215 3836 1319 3890 ἄποια·

329 3925 471 3996 γήσασθαι
493 3926 682 4001 ὑπολαμβάνω
710 3933 738 3983 et
761 3926 905 3999 ἡγούμεθα
919 3911 1084 4007 {effoditur
1110 3945 1159 4000 pro
1178 3928 1319 3997 ἀπολογή-

329 4021 430 4072 σεσθαι
466 4021 494 4072 et
532 4020 684 4089 χρήσεσθαι
717 4038 734 4075 a
760 4021 881 4078 Bekkero
914 4029 943 4078 et
975 4020 1174 4080 G.'·Dindorfio
1209 4023 1320 4102 praeter·

327 4127 411 4166 missa
428 4123 493 4164 esse.
