2944 4660
288 275 328 338 22
733 273 794 330 Lib.
808 274 831 330 1.

245 473 392 558 μορφῆς.
433 471 516 536 liam
539 471 577 534 de
601 469 769 536 deiforme
790 472 823 536 et
844 466 946 552 speeie
973 467 1024 551 agi
1045 470 1121 534 satis
1146 470 1311 548 declarant,

247 685 301 750 aei
338 677 376 748 οδ
411 686 562 768 μέγεθος
598 675 841 766 παραπλήσιον
879 681 966 746 ἰδεῖν
1004 688 1143 762 thccue.
1205 681 1312 764 Neque

246 780 364 872 ὀμφήν
401 787 434 852 in
467 807 558 870 prosa
589 789 725 854 oratione
755 791 809 854 aut
841 787 1026 852 Plutarchus
1061 790 1115 852 aut
1151 787 1312 869 quisquam

245 893 414 958 tolerabilis
438 894 566 976 scriptor
580 894 664 960 dixit.
696 894 852 977 OEditores
874 895 937 959 fere
959 893 1107 958 omittunt
1129 891 1191 956 rod
1212 892 1311 969 θεοῦ,

244 1001 354 1064 tenent
371 994 510 1083 ὀμφῆς.)
540 998 787 1082 ApudSenecam
799 999 925 1083 ep.118‚
940 997 1311 1079 lsimilitertranspositae

244 1105 372 1181 litterae;
395 1119 468 1169 nam
490 1121 561 1168 cum
584 1105 772 1187 scripsisset:
802 1105 1105 1196 maiorque-pars
1128 1101 1311 1184 (hominum)

245 1209 408 1274 miratur
430 1229 472 1274 ex
492 1209 703 1276 intervallo
728 1211 918 1286 fallentia,
941 1211 978 1272 et
999 1209 1111 1292 vulgo
1133 1226 1227 1272 nova
1246 1226 1311 1288 pro

244 1315 392 1399 magnis
414 1316 518 1392 sunt,
554 1315 673 1380 codices
696 1317 728 1380 et
754 1316 902 1380 editiones
930 1316 1027 1379 bona
1052 1313 1182 1388 habent;
1218 1331 1311 1394 quam

244 1422 348 1504 inepte
369 1422 451 1486 hona
477 1440 547 1486 oum
576 1441 611 1484 ex
638 1420 801 1486 intervallo
827 1417 1004 1486 fallentibus
1036 1419 1259 1502 coniungantur
1280 1419 1312 1482 et

246 1545 339 1609 quam
359 1526 539 1592 incredibile
561 1527 611 1604 sit,
634 1525 785 1591 Senecam
807 1526 893 1608 queri
915 1527 994 1589 hona
1015 1524 1122 1588 haberi
1142 1543 1197 1606 pro
1221 1543 1311 1607 mag·

245 1632 304 1708 nis,
325 1651 385 1696 non
406 1631 670 1708 animadvertitur,
693 1651 731 1696 ne
747 1631 819 1714 quid
835 1631 935 1698 dium
951 1621 993 1695 de
1010 1632 1076 1698 toto
1095 1629 1310 1711 disputationis

246 1737 433 1820 contextu¹).
482 1736 543 1802 Sed
564 1739 596 1802 in
618 1738 683 1815 his,
706 1757 772 1819 quae
795 1737 901 1814 ebuli,
925 1737 1072 1818 exemplis
1095 1738 1149 1800 aut
1170 1737 1235 1802 sola
1256 1737 1312 1800 aut

245 1862 337 1926 prope
359 1843 424 1908 sola
438 1827 607 1922 similitudo
630 1843 738 1920 erroris
760 1861 857 1907 causa
873 1841 968 1906 fuisso
989 1839 1124 1915 videtum
1146 1841 1311 1906 afferamus

245 1965 341 2012 unum
364 1949 396 2014 et
416 1949 558 2027 alterum,
579 1950 611 2013 in
634 1967 693 2031 qno
716 1949 863 2031 appareat
884 1947 985 2032 simile
1007 1947 1111 2023 simili,
1135 1947 1190 2012 sed
1207 1948 1310 2012 notius

246 2055 279 2118 et
297 2053 402 2118 tritius
421 2053 513 2136 paulo
537 2053 640 2118 minus
661 2054 735 2119 trito
757 2055 828 2136 (neo
854 2055 960 2118 tamen
989 2052 1095 2134 utique
1122 2053 1227 2136 ignoto
1257 2055 1312 2117 ant

244 2164 326 2238 raro)
348 2159 550 2224 substitutum
572 2177 654 2237 esse;
679 2159 734 2225 sed
754 2159 958 2244 argutionibus
980 2158 1199 2234 abstineamus,
1221 2157 1310 2239 quale

246 2268 309 2342 est,
334 2264 416 2348 quod
436 2283 492 2330 suo
513 2265 581 2329 loco
602 2265 636 2328 in
657 2265 795 2330 Platonis
817 2264 954 2346 sophista
975 2283 1004 2345 p.
1029 2263 1090 2324 240
1111 2263 1140 2326 D
1162 2263 1309 2345 aperiam,

245 2389 327 2434 nuno
347 2370 499 2454 tantisper
521 2371 556 2434 in*
574 2370 703 2436 latibulo
723 2371 822 2435 iacere
843 2369 954 2451 patiar,
977 2368 1004 2432 si
1025 2367 1093 2451 quis
1108 2369 1231 2432 interim
1244 2369 1311 2450 ipse

244 2476 421 2558 protrahere
442 2477 555 2558 possit;
582 2475 784 2558 apertioribus
804 2475 943 2552 utamur,
964 2474 1061 2556 ipsius
1086 2473 1224 2539 Platonis
1246 2466 1310 2556 pri-

243 2599 340 2645 mum.
382 2581 466 2645 Nam
486 2582 518 2646 in
538 2601 563 2646 r.
585 2602 614 2664 p.
637 2581 684 2644 lX
704 2601 733 2663 p.
759 2579 818 2660 587
840 2581 883 2657 u,
909 2582 1075 2662 postquam
1097 2579 1239 2644 Socrates
1260 2581 1310 2645 lu·
1385 2567 1392 2592 ‘

245 2686 334 2765 dens,
362 2706 423 2770 qua
444 2706 642 2752 numerorum
668 2684 862 2768 proportione
888 2703 940 2749 rex
968 2687 1098 2768 tyranno
1119 2685 1237 2752 heatior
1258 2687 1309 2763 sit,

245 2792 391 2876 exposuit,
409 2791 536 2870 Glauco,
558 2785 771 2877 Ἀμήχανον,
795 2798 871 2874 ἔφη,
887 2787 1055 2876 λογισμόν
1071 2788 1309 2876 καταπεφόρη-

244 2923 305 2970 aar
327 2898 388 2982 τῆς
410 2890 655 2981 διαφορότητος
674 2909 749 2962 τοῖν
770 2890 923 2980 οἷνδροῑν,
951 2897 1072 2962 τοῦτο
1097 2899 1230 2964 δικαίου
1252 2899 1308 2964 καὶ

243 3005 305 3070 aori
326 2997 460 3080 οἷδίιιοο,
475 2998 563 3086 sapor
581 2998 711 3086 ἡδονήν
726 3027 763 3068 aa
779 3003 833 3068 nol
851 2997 974 3087 λύπην.
1009 3003 1090 3084 Qrud
1104 3005 1146 3069 sit
1161 3029 1308 3088 καταφο-

243 3123 316 3196 ρεῑν
337 3093 410 3194 (quo
431 3110 523 3174 verbo
544 3110 633 3174 Plato
644 3107 802 3190 Atticique
824 3108 987 3190 scriptores
1002 3111 1124 3174 omnino
1139 3111 1308 3193 abstinent)

242 3209 408 3304 λογιομδν
437 3209 698 3301 διαφορόοηιος,
733 3215 925 3293 remearit,
960 3215 1013 3298 qui
1039 3217 1122 3280 recte
1150 3217 1307 3300 expediat3

241 3323 330 3387 Plato
351 3323 507 3404 repertam
528 3326 560 3388 et
580 3322 803 3406 deprehensam
824 3321 1049 3404 proportionem
1071 3322 1164 3400 dixit,
1189 3323 1306 3388 duabus

240 3427 398 3492 vocalibus
414 3427 516 3492 *aliter
545 3428 683 3512 scriptis:
716 3420 1017 3512 καταπεφώρανας.
1061 3426 1148 3506 Quod
1170 3427 1306 3492 eiusdem

241 3533 338 3616 operis
352 3531 405 3598 lib.
416 3531 535 3614 Vlup.
549 3533 610 3595 560
624 3533 655 3597 Α
669 3533 827 3599 scribitur:
844 3534 900 3598 aci
918 3559 1009 3606 τινες
1025 3534 1094 3598 νῶν
1106 3536 1306 3618 ἐπιθυμιῶν

162 3681 163 3688 1
242 3643 277 3703 ai
300 3641 365 3721 μὲν
388 3632 646 3722 διεφθάρησαν,
677 3645 712 3704 αἱ
735 3640 767 3706 δὲ
792 3641 846 3705 καὶ
869 3643 1044 3715 ἐξέπεσον,
1075 3640 1194 3712 αἰδοῦς
1213 3635 1306 3713 uode

239 3841 439 3854 *nnn—1·—

268 3973 290 4044 ¹)
309 3974 421 4030 Bonos
447 3990 496 4044 pro
521 3991 625 4030 novos
641 3976 724 4056 recte
749 3971 898 4028 Gronovius
921 3975 1032 4028 restitui
1057 3975 1172 4030 iusserat
1198 3978 1304 4044 questi.

310 4069 367 4124 nat.
385 4067 437 4132 ΙΙΙ,
456 4069 499 4133 25,
517 4069 547 4132 43
566 4065 779 4135 obtemperatum
797 4082 850 4120 non
869 4068 918 4122 est.
