3004 4676
300 317 362 380 552
433 353 439 362 ·
719 317 846 375 HtIV.

252 509 443 602 ἡγεμονίαν
465 513 595 603 ταύτην
616 516 755 592 κόλποις
786 543 823 583 τε
846 519 902 584 καὶ
933 515 1051 603 ἄκραις
1081 520 1224 591 πολλαῖς
1249 519 1315 596 καὶ,

252 623 304 710 τῷ
340 618 712 709 σημειαδεοτάτῳ,
751 617 968 714 χερρονήσοις
995 622 1164 711 μεγάλαις
1193 625 1315 689 διαπε-

252 732 466 815 ποικιλμένη.
510 730 634 796 Co'diccs
669 729 888 797 etoditionea:
923 744 1015 804 τοῖς
1051 731 1315 816 σημειωδεο-

251 829 404 909 τάτοις.
476 849 479 858 “

352 940 420 1006 Ibi.
443 941 504 1004 345
526 942 569 1020 (3,
596 940 647 1019 16)
679 939 875 1006 scribendum
895 941 1197 1026 interpungeudaque
1219 943 1315 1008 oratic

251 1045 312 1111 sic:
343 1041 494 1132 Πάρεοτι
519 1051 584 1129 μὲν
613 1041 679 1134 γάρ
712 1047 757 1132 τῷ
779 1047 906 1134 ποιητῇ
934 1048 990 1114 καὶ
1012 1037 1178 1114 πλάττειν
1200 1043 1240 1114 τά
1263 1044 1314 1135 μη

251 1147 350 1216 ὄντα·
374 1148 459 1217 ὅταν
481 1146 511 1219 δ’
531 1144 554 1240 ᾖ
577 1146 724 1219 δυνατῶν
739 1148 967 1236 ἐφαρμόττειν
988 1154 1059 1226 τοῖς
1082 1145 1158 1218 ccicc
1182 1151 1224 1221 τά
1248 1163 1316 1240 ε”πη

252 1257 307 1322 καὶ
340 1251 456 1337 οῶζειν
484 1255 549 1343 την
574 1251 743 1346 διήγησιν,
769 1251 853 1324 τότ’
879 1267 947 1342 (pro
977 1254 1016 1324 τά
1047 1251 1088 1336 (λ’)
1123 1254 1314 1348 άπέχοοθαι

251 1356 417 1449 προσήκει
439 1366 584 1446 μάλλον.
617 1366 713 1430 Paulo
726 1368 797 1431 ante
812 1365 905 1430 scribi
917 1365 1026 1431 debet:
1050 1357 1094 1449 ἦν
1107 1367 1141 1432 δὲ
1161 1371 1215 1434 καλ
1227 1365 1316 1454 αὕτη

254 1475 296 1548 (r.
320 1475 373 1536 καὶ
390 1469 478 1553 αὕτη
501 1467 538 1556 ἡ)
552 1464 660 1546 πόλις,
682 1471 738 1536 hcc
760 1471 822 1535 est:
844 1473 961 1536 namet
981 1471 1046 1536 haec
1069 1473 1141 1538 urbe
1159 1477 1225 1539 erat
1240 1475 1316 1554 (iam

250 1594 310 1641 ncn
342 1579 417 1657 est);
450 1577 504 1642 cfr.
530 1578 730 1660 paulopost:
766 1567 877 1661 χάραν
908 1568 938 1640 ‹i'
972 1575 1062 1661 εἶχον
1091 1583 1163 1655 (non
1191 1581 1314 1664 ἔχουσι)

251 1686 285 1746 οἱ
307 1682 516 1768 Λεπρεᾶται.
560 1683 618 1760 (De
640 1682 749 1746 eadem
770 1701 851 1766 pag..
876 1701 900 1746 0.
923 1681 953 1758 3,
978 1683 1014 1742 17
1038 1683 1154 1754 dictum
1175 1704 1206 1766 p.
1232 1685 1314 1764 134.)

336 1788 489 1854 ’11111346
505 1791 547 1867 (3,
571 1788 641 1866 19):
664 1788 719 1852 καλ
740 1781 806 1876 τήν
821 1779 1001 1870 Δαρδάνου
1022 1792 1164 1874 γένεσιν.
1201 1789 1314 1856 Scrib.:

250 1885 485 1977 Ἰαρδάνου.
527 1893 724 1976 Significatur
743 1892 837 1971 idem,
860 1895 912 1976 qui
931 1915 960 1977 p.
988 1895 1048 1955 347
1072 1895 1123 1974 (3,
1146 1897 1218 1974 20),
1243 1915 1315 1960 ccu-

250 1998 376 2064 iuuctue
407 2000 472 2064 siue
494 1999 584 2064 dubio
613 2017 683 2062 cum
705 1999 845 2076 laruam,
868 1999 961 2065 fluvio
983 1999 1141 2079 Pisatidia,
1170 2020 1261 2084 quem
1284 2004 1315 2066 et

250 2105 360 2170 Strabo
385 2108 416 2170 et
438 2104 491 2169 alii
513 2104 677 2187 appellant.
722 2103 883 2169 Dardanus
920 2105 1002 2168 circa
1033 2106 1099 2170 haec
1125 2105 1194 2170 luca
1226 2126 1315 2172 nemo

250 2213 521 2283 commemoratur.
566 2208 709 2274 Ceterum
737 2211 809 2274 ante
831 2211 998 2274 ἐνταῦθα·
1020 2209 1140 2276 videtur
1169 2212 1315 2278 excidisse

248 2309 458 2398 μυθεύεται,
482 2315 562 2399 quod
582 2313 692 2380 Plethc
715 2315 818 2394 habet,
848 2315 907 2380 etei
930 2335 966 2380 ea
987 2316 1149 2398 perexigua
1171 2317 1220 2380 cst
1241 2335 1313 2380 auc·

247 2424 367 2488 toritas.
388 2422 473 2488 ‘Otr
496 2443 526 2504 p.
551 2419 678 2499 368·(6,
702 2423 735 2497 2¹)
760 2424 792 2486 et
813 2421 896 2486 alibi.
944 2419 982 2484 In
1008 2421 1104 2485 altero
1132 2423 1237 2484 autem
1259 2423 1312 2487 illc

248 2528 315 2592 loco
350 2546 380 2609 p.
408 2528 469 2590 341
497 2529 529 2592 10
558 2527 683 2618 11110110Υ
699 2518 812 2612 άχαιαὶ
840 2527 917 2592 latet
949 2545 1061 2594 nomen
1093 2527 1312 2610 appellativum

250 2633 495 2717 coniungendum
523 2653 592 2698 cum
620 2628 736 2715 τάφος,
769 2632 827 2696 hac
852 2631 967 2697 ferma:
994 2625 1014 2696 ὁ
1043 2620 1106 2696 τοι)Ι
1134 2624 1312 2714 Ἰαρδάνου

251 2735 378 2824 λοιμῶν
391 2740 561 2805 δείκνυται
580 2739 634 2802 καὶ
658 2732 765 2822 τάφος
788 2740 841 2803 καλ
870 2738 1036 2821 zaraim·
1060 2723 1129 2802 eici
1143 2737 1177 2802 δὲ
1194 2741 1311 2819 πέτραι

252 2871 280 2909 κ.
305 2871 333 2910 τ.
358 2849 385 2911 λ.
430 2847 511 2910 Fieri
532 2847 641 2927 petest,
664 2846 700 2909 ut
721 2863 845 2928 serpens
866 2843 956 2908 fictus
978 2843 1019 2907 ait
1041 2842 1199 2908 lardarius.

350 2951 468 3018 Eadem
479 2971 549 3034 pag.
563 2950 649 3028 (346)
660 2950 750 3032 paulo
761 2953 845 3033 pest:
869 2941 1020 3033 θινώδης
1035 2943 1065 3014 rt’
1076 2945 1123 3012 ῶν
1135 2943 1153 3014 c‘
1165 2942 1270 3019 τόπος
1282 2953 1312 3022 ἐξ

250 3061 353 3124 εἴκοσι
378 3058 522 3123 σταδίοιν
542 3063 687 3141 βαρεῖαν
708 3049 823 3140 cccciv
845 3058 991 3140 παρέχει.
1048 3054 1224 3136 Requiritur
1245 3072 1311 3121 ma-

250 3163 360 3228 nifesto
383 3155 584 3245 θειῶάης,
606 3161 786 3246 culfuroaua.
830 3159 903 3227 Cod.
925 3164 955 3226 A
978 3154 1152 3245 τειφῶιλης.

350 3267 416 3332 Ibd.
440 3269 500 3334 347
521 3269 562 3348 (3,
587 3267 638 3345 19)
660 3265 856 3332 scribendum
877 3267 938 3332 sic:
974 3260 1034 3331 εἴτ’
1058 3257 1125 3330 άπό
1150 3265 1217 3328 τῶν
1240 3312 1246 3326 .
1272 3312 1280 3329 .
1303 3307 1309 3323 .

112 3407 121 3434 ι
251 3367 429 3440 ἐλθόντων
458 3379 490 3450 ἐξ
527 3366 739 3458 Ὀρχομένου
772 3373 838 3437 τοῦ
868 3373 1037 3438 Μινυειόυ
1072 3371 1216 3437 Μινυῶν
1249 3361 1313 3434 εἴτ’

249 3473 317 3544 αἴτι’
339 3476 472 3544 ἄλλων
491 3479 685 3552 Μινυῶν,
719 3483 754 3542 οἳ
784 3477 851 3541 τῶν
872 3470 1113 3564 Ἀργοναυτῶν
1147 3469 1311 3561 άπόγονοι

249 3583 397 3659 ὅντεςκ.
420 3611 449 3648 τ.
478 3586 506 3648 λ.
984 3628 987 3633 -
1033 3657 1036 3664 ,

351 3691 418 3756 Ibd.
433 3689 505 3752 -350
528 3690 568 3767 (3,
592 3691 642 3766 26)
662 3689 764 3770 inepte
793 3689 857 3752 tree
884 3706 938 3770 per
960 3703 1043 3750 mare
1066 3705 1172 3751 cursus
1195 3685 1313 3770 siguifi-

247 3779 359 3860 'cmtur
379 3813 434 3878 pro
456 3815 533 3860 unoz
557 3789 617 3860 τῶν
639 3787 751 3860 ccccc
774 3793 886 3858 πλοῦν
987 3795 1042 3858 καλ
1068 3787 1128 3858 τῶν
1156 3797 1188 3867 ἐξ
1211 3785 1313 3877 α’ρχης

251 3905 305 3967 καὶ
341 3897 402 3966 τάν
431 3903 479 3973 εἰς
506 3895 663 3985 Ἰθάκην.
719 3899 918 3964 scribendum
946 3899 1080 3963 videtur:
1114 3892 1176 3962 τόν
1200 3891 1313 3962 ἐῶθάν

249 4009 362 4072 πλοῦν
384 4008 438 4071 καὶ
461 4001 523 4072 τάν
555 4012 587 4082 ἐξ
609 4000 714 4090 α’ρχης
738 4006 894 4072 ἔναλον,
929 4009 978 4077 εἰς
1001 3997 1161 4087 Ἰθάκην,
1195 4004 1313 4067 rectum

249 4131 373 4178 cursum
409 4113 441 4176 et
478 4112 531 4194 qui
565 4111 672 4176 statim
714 4113 819 4194 aperto
862 4110 940 4174 mari
988 4109 1127 4174 Ithacam
1162 4108 1314 4192 dirigitur.
