2952 4668
616 295 674 351 Lib·
693 297 725 352 V·
1112 299 1172 361 613

46 523 58 536 ·
145 498 289 578 bachius,
322 497 437 582 ingenii
478 498 511 562 et
552 495 730 561 eruditionis
767 497 863 578 copiis
898 497 1020 564 adiutus
1057 501 1212 582 permulto

145 603 269 688 egregie
301 603 492 680 emendavit,
526 601 579 668 sed
612 603 815 686 praeterquam
851 603 930 685 quod
959 622 977 668 a
1008 607 1213 688 grammatica
1278 661 1283 668 .

147 709 317 774 subtilitate
337 709 429 793 longe
451 711 587 774 remotus
611 709 685 782 erat,
721 707 876 774 interdum
899 709 1016 774 erudite
1038 709 1212 794 digrediens

146 817 214 898 ipsa
240 815 399 879 Plutarchi
432 815 524 878 verba
554 815 586 880 et
619 813 788 878 sententias
816 833 925 898 parum
942 833 1062 880 'severe
1084 817 1213 890 subtili-

145 923 253 1004 terque
276 921 377 1004 eregit
398 921 430 984 et
450 923 551 985 totum
577 918 741 1002 negotium
772 919 964 1003 inaequaliter
986 921 1214 988 administravit
1253 975 1257 982 .

146 1043 203 1090 nec
226 1027 385 1108 expohvit3
413 1027 583 1107 permultas
609 1026 705 1090 bonas
736 1025 875 1090 codicum
905 1027 1071 1109 scripturus
1106 1031 1162 1106 (ut
1175 1029 1212 1093 dc

144 1133 261 1197 adulat.
284 1134 316 1196 et
334 1130 425 1196 amic.
439 1149 465 1196 c.
479 1132 516 1191 25
529 1151 558 1213 p.
572 1130 611 1193 66
626 1125 709 1214 Ami
733 1132 796 1196 Διά
820 1121 880 1213 pio‘
898 1133 976 1216 ἰδίᾳ,
999 1133 1062 1198 ibd.
1085 1139 1110 1197 c.
1125 1135 1165 1196 32
1181 1155 1210 1216 p.

143 1225 185 1299 ¹'il
224 1237 248 1302 C
281 1232 448 1312 ἐπάταξεν
488 1256 543 1320 pro
576 1231 757 1320 ἐπείνασεν)
792 1241 846 1302 ant
878 1237 1023 1312 aliorum,
1054 1237 1214 1323 Xylandri‚

147 1343 323 1418 Menenium,
345 1343 463 1408 Reishii
485 1342 673 1408 certissimas
704 1345 906 1408 correctiones
935 1327 1139 1428 aut'neglexit
1160 1348 1214 1410 aut

146 1469 232 1526 sero,
265 1451 297 1512 in
319 1449 658 1522 animadversionibus·
684 1451 716 1513 et
736 1449 883 1515 haesitans
907 1433 1061 1534 probavit.
1095 1469 1116 1513 u
1153 1469 1212 1515 non

145 1573 269 1637 prorsus
289 1553 411 1630 iniuria,
434 1553 488 1617 sed
510 1573 580 1618 oum
592 1552 882 1619 Plutarchi'damno
906 1553 1035 1619 eandem
1057 1555 1211 1621 interdum

143 1663 211 1743 ipse
233 1661 388 1725 Duebneri
408 1653 562 1724 incuriam
584 1662 724 1741 expertus
749 1661 799 1737 sit,
823 1661 953 1743 quinon
975 1677 1043 1725 raro
1065 1661 1097 1725 in
1121 1661 1212 1745 Wyt-

144 1767 302 1832 tenbachii
340 1765 655 1831 animaduersionibus
694 1766 747 1829 aut
791 1767 886 1831 etiam
915 1767 958 1830 'in
998 1767 1078 1831 notis
1116 1769 1212 1832 textui

145 1874 290 1939 subiectis
324 1871 421 1938 latere
443 1889 552 1953 passus
586 1873 643 1948 est,
676 1891 742 1955 quae
776 1871 840 1935 sine
868 1871 932 1934 ulla
965 1871 1153 1938 dubitatione
1180 1873 1211 1936 in

145 1977 305 2043 Plutarchi
336 1978 437 2042 uerbis
467 1977 607 2060 ponenda
638 1979 725 2042 erant
758 1977 856 2053 (velut
888 1977 920 2040 in
947 1981 1091 2062 praecept.
1120 1981 1211 2044 sunit.

143 2083 268 2150 tuendae
280 2103 304 2149 c:
321 2088 334 2145 l
349 2103 378 2166 p.
397 2084 455 2143 122
477 2083 502 2146 hl
526 2087 556 2148 εἰ
579 2086 708 2148 οἴονται
730 2101 785 2165 pro
799 2085 956 2161 ὀῖ’ωνται,
987 2085 1046 2149 etsi
1067 2085 1213 2169 wytten-

144 2191 271 2256 bachius
294 2189 470 2254 dubitantor
490 2189 644 2272 loquitur,
673 2209 698 2254 c.
722 2193 740 2249 4
763 2208 793 2270 p.
820 2189 878 2252 123
900 2189 926 2252 P
950 2192 1004 2255 ἐνὶ
1028 2184 1136 2275 χώρας
1159 2211 1213 2275 pro

147 2288 322 2381 ἐπιχώριος
349 2313 365 2358 e
399 2293 554 2360 codicibus
585 2295 679 2360 etiam
708 2298 740 2359 et
765 2295 831 2360 loco
853 2297 1058 2379 quaestionum
1081 2299 1211 2370 courir..

146 2403 208 2466 cb
233 2421 263 2485 p.
282 2399 388 2464 1240
417 2393 580 2464 α’πειπεῑν
601 2420 656 2484 pro
679 2395 878 2476 α’ντεινιεῑν).
924 2402 1080 2468 Nonnulla
1107 2405 1212 2469 Ducb-

144 2527 238 2572 nerus
264 2526 280 2570 e
309 2505 464 2571 codicibus
494 2505 615 2569 reduxit
641 2505 707 2570 inre
735 2506 856 2571 sublata
883 2525 902 2570 u
927 2507 1095 2590 prioribus,
1116 2511 1153 2573 nt
1174 2509 1211 2574 de

145 2611 261 2677 adulat.
274 2613 306 2676 et
316 2612 415 2677 amico
428 2629 453 2677 c.
467 2616 485 2673 2
500 2631 530 2694 p.
542 2613 583 2672 49
606 2615 865 2697 κεχαρισμένους
878 2633 939 2696 pro·
956 2617 1210 2698 κεχαρισμένως.

144 2720 253 2800 ltaque
275 2718 326 2782 vel
348 2719 410 2782 solo
443 2718 565 2782 delectu
594 2735 719 2795 eorum,
754 2739 820 2802 quae
853 2719 915 2783 iam
943 2720 1051 2802 parata
1080 2721 1118 2784 ab
1142 2720 1211 2784 aliis

142 2827 227 2900 sunt,
249 2823 363 2905 poterit
384 2841 444 2887 non
466 2824 577 2888 leviter
598 2823 755 2890 emendari
777 2823 934 2890 Plutarchi
955 2825 1051 2890 oratio
1061 2825 1096 2908 ¹).
1150 2825 1211 2889 Sed
1275 2885 1278 2890 .

148 3028 347 3036 -..ω-...ἡ

178 3177 200 3242 ¹)
224 3175 365 3242 Specimen
396 3189 492 3242 ponam
525 3189 555 3226 cx
590 3173 722 3242 particula
747 3173 810 3226 libri
840 3172 872 3226 de
902 3171 1007 3227 delectu
1034 3173 1210 3227 oraculorum.

219 3265 284 3335 Cap.
311 3267 347 3320 40
374 3281 401 3333 p.
429 3266 481 3319 432
499 3263 722 3333 wyttenbachius
747 3266 827 3319 verba
852 3266 889 3319 sic
915 3267 1062 3329 certissime
1081 3266 1211 3320 correxit:

219 3355 236 3428 ἦ
257 3377 321 3412 τινα
343 3361 442 3424 κρᾶσιν
464 3358 569 3411 οἰκείαν
595 3357 666 3425 πρὸς
697 3362 779 3414 τοῦτο
805 3357 1009 3429 λαμβάνοντος,
1038 3351 1055 3430 ᾗ
1078 3357 1111 3413 τὸ
1140 3363 1212 3426 λογι-

219 3449 314 3506 στικὸν
332 3449 378 3503 καὶ
397 3448 586 3515 φανταστικὸν
614 3449 720 3505 ἀνίεται
741 3451 787 3504 καὶ
812 3449 964 3505 ἀπολύεται
985 3455 1040 3504 τῶν
1064 3451 1213 3519 παρόντων

219 3548 295 3612 (pror
325 3537 343 3610 ἣ
373 3539 404 3595 τὸ
431 3541 585 3609 λογιστικὸν
615 3583 622 3596 .
648 3585 682 3598 ..
713 3542 844 3598 ἀνίεσθαι
874 3542 921 3596 καὶ
948 3541 1143 3611 ἀπολύεσθαι),
1174 3548 1212 3616 τῷ

220 3631 311 3706 α’λόγφ
339 3633 431 3702 (vulgo
457 3633 533 3688 abest
567 3639 615 3710 τῷ)
644 3675 650 3691 .
672 3677 678 3690 .
703 3677 710 3690 .
733 3639 783 3690 τοῦ
801 3636 948 3704 μέλλοντος
977 3635 1223 3712 ἐπιατρεφόμεναι.

224 3729 333 3796 (ψυχαί,
352 3741 400 3794 pro
419 3725 679 3796 tarcrpsrpops'vorh
698 3727 855 3782 Dnehnerns
874 3727 963 3796 qualia
984 3732 1068 3788 erant.
1094 3729 1211 3798 reliquit,

218 3817 472 3888 quemadmodumc.
485 3821 519 3874 33
530 3837 554 3888 p.
566 3823 651 3878 328A
671 3822 699 3876 ἐν
718 3821 831 3894 ἑκάστῳ,
851 3836 899 3890 pro
917 3837 969 3889 quo
987 3819 1211 3891 Wyttenbachius

217 3910 249 3966 ἓν
268 3914 367 3978 (σῶμα)
388 3909 492 3980 ἑκάστῳ
520 3914 568 3984 (τῷ
588 3913 690 3992 κόσμῳ)
718 3929 771 3966 non
790 3915 940 3983 scripserat,
971 3913 1017 3967 sed
1041 3913 1211 3968 scribendum

219 4005 402 4058 annotaverat.
440 4001 492 4056 Sed
522 4019 544 4056 c·
563 4005 597 4058 26
615 4019 640 4072 p.
665 4005 717 4058 424
740 4005 761 4056 E
785 4007 842 4076 ipse
861 4005 1084 4077 Wyttcnbuchius
1103 4007 1213 4060 silentio
1262 4077 1267 4090 ι

219 4095 392 4166 pretermisit
410 4095 568 4148 restitutum
592 4111 608 4148 u
630 4095 775 4149 heretiaco
793 4096 865 4164 πρὸς
884 4097 1031 4166 deciperes
1050 4099 1143 4168 χώραν
1164 4115 1213 4166 pro
1309 4122 1312 4135 ·
