2944 4660
309 287 350 350 32
749 286 850 341 Libui.

268 487 360 552 dixit:
389 480 438 558 cic
471 478 797 569 παρσμοιόσανα.
845 487 891 550 Ex
913 481 957 559 οἷς
979 513 1049 572 παρ
1071 489 1189 554 fuctum
1211 484 1336 573 ὥσπερ,

268 611 304 658 co
325 591 456 669 facilius,
478 592 560 674 quod
581 591 769 658 adiectivum
792 593 996 675 compositum
1017 593 1120 658 minus
1140 595 1250 658 tritum
1268 596 1340 660 erat

268 717 360 781 quam
391 699 534 782 simplex,
572 698 639 760 tum
679 690 865 781 ὁμοιότητα
902 701 1026 781 propter
1060 694 1183 783 ὥσπερ.
1243 700 1336 782 Apud

267 801 436 868 luccianum
455 803 557 898 navig.
569 803 609 865 32
622 803 737 868 edun:
761 799 874 876 οὐδεὶς
884 795 980 888 palpo
996 804 1340 890 ἐναντιωθησόμενος

268 903 356 992 ἡμῖν
383 903 424 972 τοὶ
455 904 544 973 ὅπλα
573 903 749 982 τοσούτοις
779 899 885 976 οὖσαν.
934 908 979 972 Ut
1001 909 1075 973 ferri
1104 913 1225 992 posset,
1256 911 1336 994 quod

266 1015 339 1082 ferri
359 1033 421 1079 non
442 1015 554 1097 potest,
580 1013 753 1078 inauditum
775 1008 1075 1100 ἐναντιωθήσομαι
1097 1034 1151 1097 pro
1174 1011 1337 1081 ἐναντιώ-

268 1145 381 1204 σομαι,
404 1121 509 1194 tamen
523 1138 612 1184 nemo
627 1123 872 1186 ἐναντιοῦσθαι
884 1121 1047 1186 munitiola
1058 1117 1135 1186 diiit
1147 1117 1202 1204 (cci
1215 1119 1339 1211 ὅπλα);

267 1226 440 1300 dividamus
463 1225 495 1288 et
516 1243 611 1288 unam
632 1225 770 1291 litteram
786 1228 992 1312 corrigamns;
1015 1226 1334 1292 habebimusverum:

268 1331 405 1397 ἐναντία
428 1323 626 1414 θησόμενος
648 1325 679 1414 ἦ.
701 1327 742 1395 «ια’
766 1329 866 1398 dulc.
899 1333 1034 1416 Longius
1048 1351 1210 1416 progressa
1225 1334 1337 1398 estin-

266 1437 429 1520 terpolatio
453 1455 489 1500 cx
509 1454 604 1517 prava
618 1438 808 1518 separatione
823 1443 856 1504 et
872 1439 1062 1522 copulatione
1081 1439 1148 1502 orta
1163 1439 1243 1521 apud
1260 1439 1339 1504 Plu-

266 1543 408 1608 tarchum
419 1541 488 1606 adv.
502 1542 640 1607 Colotem
652 1541 702 1619 28,
718 1545 792 1626 b(p.
804 1544 884 1606 1123
896 1545 946 1629 Ε),
967 1543 1022 1608 ubi
1032 1561 1192 1610 assensum
1203 1544 1341 1610 retinere

267 1648 532 1728 (Academicorum
553 1648 759 1712 recentiorum
780 1649 878 1731 more)
906 1651 1024 1713 rectum
1039 1699 1040 1704 η
1053 1667 1129 1714 esse·
1150 1649 1274 1728 dicitur,
1305 1657 1340 1716 εἰ

265 1756 373 1840 μηδὲν
396 1751 492 1825 ἄλλο,
515 1779 579 1836 νην
600 1781 638 1840 γε
661 1754 850 1836 διαφωνιαν
871 1747 1001 1837 ταύτην
1016 1755 1276 1852 (philosophorum
1298 1757 1340 1822 dc

200 1883 201 1886 ’
266 1862 397 1927 veritato
428 1860 497 1962 νῷν
516 1860 745 1982 φαντασιῶν)
778 1854 949 1944 λαβόντας
981 1861 1098 1926 αιτιάν
1129 1853 1337 1945 αποχρὼσαν

265 1956 433 2038 ὖπσνσιάς
449 1957 556 2048 πρός
564 1992 605 2031 να
626 1991 813 2052 πραγματα
827 1991 884 2031 ναι
876 1958 1034 2031 cridb'
994 1989 1100 2038 ουτως
1114 1959 1206 2050 cyrio
1221 1960 1334 2042 οὐδὲν

267 2065 437 2157 α’σοῖφοιαν
475 2073 509 2137 δὲ
545 2098 599 2137 ναι
634 2067 784 2157 ταραχήν
817 2081 934 2157 ἔχοντα
972 2072 1098 2136 παῖσον
1167 2070 1338 2152 8333311313,

266 2199 333 2263 qnae
357 2180 442 2244 recta
463 2181 553 2257 esset,
576 2179 603 2244 si
624 2179 810 2246 scriberetur
831 2177 954 2240 tanturm
975 2200 1064 2261 προς
1085 2173 1126 2241 coi
1145 2172 1332 2260 πράγματα

268 2279 312 2358 cic
340 2277 440 2350 οὐδὲν
471 2279 562 2371 ὑγιὲς
586 2333 595 2349 .
619 2332 627 2348 .
653 2333 659 2347 .
684 2293 813 2370 ἔχοντα,
849 2282 1037 2362 interpositis
1069 2281 1131 2346 illis
1167 2285 1221 2347 καὶ
1255 2277 1333 2349 οὐδὲ

267 2388 374 2464 οὕτως
395 2409 518 2474 prorsus
539 2383 708 2474 perimitur.
756 2388 817 2453 Sed
836 2389 869 2452 in
893 2387 956 2450 illis
980 2387 1114 2470 primum
1135 2387 1213 2450 latet
1232 2388 1336 2469 ipsum

266 2498 354 2576 illud,
377 2511 435 2580 quo
457 2495 560 2562 carere
582 2515 640 2560 non
655 2511 839 2616 possumus,
868 2487 921 2571 οἷς,
952 2484 1077 2569 deinde,
1108 2493 1161 2556 illo
1188 2493 1338 2571 seiunctar

268 2603 399 2668 efficitur
431 2603 605 2687 aptissime:
642 2596 810 2672 ὑπονοίας
842 2623 929 2682 προς
961 2623 1001 2662 να
1041 2623 1227 2691 πραγμασα
1266 2603 1332 2666 και

258 2691 442 2808 'diove‘
417 2735 460 2783 ας
493 2704 584 2795 nycte
617 2734 646 2772 κ.
670 2732 699 2771 ν.
723 2707 763 2770 λ.
794 2704 881 2770 Cum
905 2723 942 2768 ex
964 2703 1060 2776 δέους
1083 2704 1177 2786 (quod
1206 2729 1265 2778 ovo
1289 2700 1334 2778 cic

267 2816 471 2880 coaluerant
463 2836 495 2880 1n
521 2811 642 2896 οὕτως)
665 2813 777 2878 solum
787 2809 962 2892 superesset
983 2809 1019 2874 de
1040 2816 1110 2892 post
1128 2811 1195 2888 καί,
1216 2811 1333 2876 fectum

269 2923 323 2986 καὶ
347 2915 434 2997 οοδέ.
480 2919 572 3002 Apud
591 2919 743 2982 Senecam
771 2915 809 2980 de
835 2917 900 2980 vita
921 2916 1013 2980 beata
1035 2916 1083 2994 13,
1106 2915 1136 2994 3,
1168 2917 1222 2980 ubl
1243 2917 1335 2982 docet

266 3027 409 3110 Epicuro,
437 3027 464 3091 si
484 3027 613 3090 honesta
636 3021 825 3100 moritolii,
852 3009 1056 3086 obiiciendum
1079 3040 1145 3086 esse
1166 3021 1333 3103 voluptatis

267 3151 378 3200 nomen
411 3135 442 3195 et
471 3131 607 3207 titulum,
645 3125 701 3194 sub
734 3147 793 3212 quo
827 3127 1021 3210 disciplinam
1056 3127 1257 3204 constitnerit,
1289 3127 1339 3191 sic
1377 3143 1379 3148 ·

268 3238 411 3302 scribitur
434 3237 466 3299 in
494 3236 646 3300 codicibus
665 3235 726 3298 fide
751 3233 853 3317 dignis
883 3233 969 3314 (nam
989 3232 1190 3314 interpolatos
1213 3232 1333 3314 atquae

253 3344 340 3411 inde
379 3343 453 3407 nata
486 3344 558 3407 sunt
590 3343 621 3405 in
656 3339 859 3423 superioribus
893 3319 1087 3414 editionibus,
1118 3333 1337 3414 omittamus):·

268 3449 425 3514 Titulus
465 3449 596 3530 itaquc
630 3447 814 3511 honestus
855 3443 1023 3525 eligatur
1059 3443 1096 3506 et
1127 3437 1337 3524 inscriptio

174 3607 175 3612 η
267 3557 350 3638 ipsa
379 3555 553 3627 excitans
576 3551 741 3616 animum
763 3569 842 3633 qua
865 3547 998 3612 statim
1018 3547 1208 3611 venerunt
1226 3543 1332 3607 vitia.
1375 3625 1377 3630 Δ
1469 3527 1470 3600 ἶ

268 3661 411 3740 Haustus,
433 3661 469 3724 ut
480 3659 612 3742 speciem
624 3656 713 3742 (sutis
724 3655 859 3738 profecto
870 3653 1003 3736 malam)
1012 3649 1171 3717 sententiae
1187 3647 1339 3724 ediceret,
1469 3643 1470 3664 ¹

268 3767 400 3850 quinque
422 3756 516 3832 verba
536 3762 734 3845 interposuit,
755 3761 854 3839 nulla,
878 3777 932 3823 our
953 3756 1067 3822 omissa
1087 3755 1204 3831 essent,
1235 3751 1339 3836 signi*

267 3873 360 3938 ficata
376 3890 485 3948 causa;
508 3869 667 3934 rideamus
679 3885 770 3944 nunc,
792 3884 885 3948 quam
905 3863 996 3928 facile
1017 3863 1120 3940 omnia
1137 3861 1173 3924 in
1195 3857 1334 3924 ordinem

269 3978 412 4042 redeant:
449 3975 604 4041 Titulus
634 3973 762 4058 itaque
789 3970 973 4035 honestus
1001 3967 1173 4050 eligatur
1208 3965 1246 4028 et
1280 3965 1334 4028 in-

268 4082 429 4164 scriptio
450 4081 534 4164 ip'sa
556 4079 728 4144 excitans
751 4077 927 4152 enimum;
950 4093 1028 4158 quae
1047 4074 1124 4154 stat,
1139 4070 1341 4146 invenerunt.
1469 4115 1470 4144 ,
