3004 4676
673 281 733 336 Lib.
749 281 796 336 IV.
1158 279 1219 339 493

203 469 450 560 λαμβάνοντες.
510 478 560 542 Ad
596 472 821 564 πανταχόθεν
857 475 958 558 apiius
995 469 1261 559 περιλαμβα-

201 605 359 653 νοντες.
401 584 542 648 Alterum
565 586 732 668 requireret
752 583 958 648 accusativum
980 581 1068 659 (ioca,
1090 581 1213 661 ciac).¹)

300 688 367 752 Ibd.
390 690 447 750 27:
484 677 524 772 ἧς
557 692 631 775 (τῆς
658 682 771 776 τύχης)
799 684 863 773 την
892 688 1093 771 ἐλευθερίαν
1125 683 1260 770 α’νθρω-

203 793 313 866 πίνως
335 788 429 878 ἡμᾶς
450 788 650 882 ὑπενεγκεῖν
673 789 845 880 προσήκει.
889 793 962 873 Quae
984 794 1026 858 sit
1047 786 1149 877 τύχης
1171 796 1262 858 ἐλευ-

201 901 303 985 θερία
343 900 456 984 (egitur
478 903 581 966 autem
612 903 650 966 de
678 903 743 966 eius
775 901 877 966 favere
910 901 942 963 et
972 900 1063 964 rebus
1096 899 1260 984 secundis),

200 1023 325 1089 prorsus
346 1006 464 1080 nescio,
499 1009 633 1090 putoque
655 1007 804 1089 scriptum
833 1005 1003 1070 εἱλίσσετο
1037 1005 1131 1071 fuisse
1167 999 1262 1090 εὐη-

199 1110 296 1194 μερί
304 1135 361 1175 σιν.

299 1215 365 1280 lbd.
388 1215 429 1278 65
452 1235 522 1280 cum
544 1216 692 1300 scn’ptum
715 1217 798 1282 esset
818 1216 857 1281 ud
881 1216 962 1280 huuc
990 1215 1131 1280 mudum:
1158 1217 1203 1283 Οἱ
1226 1219 1259 1284 δὲ

201 1315 429 1394 κατελθόντες
457 1323 525 1386 των
549 1323 647 1388 Χίων
674 1323 740 1386 τῶν
766 1314 1118 1402 α’ντιπολιτευσγιίνων
1145 1316 1261 1396 αὐτοῖς

199 1423 298 1500 τούς
331 1427 405 1511 τῆς
432 1428 661 1513 καταδίκης
688 1426 855 1500 αἰτίους
883 1428 936 1492 καὶ
965 1427 1025 1510 της
1054 1420 1260 1506 ἐκπτώσεως,

200 1539 250 1607 εἰς
271 1535 461 1610 ἑξακοσίους
482 1534 545 1599 τόν
566 1527 725 1618 α’ριθγιιίν
748 1528 850 1606 ὄντας
874 1529 1116 1621 ἐφυγάδευσαν,
1140 1539 1262 1619 propter

199 1641 431 1707 similitudinem
450 1659 557 1705 vocum
573 1633 690 1712 αὐτοῖς
705 1640 736 1703 ei
757 1639 887 1713 αἰτίους
908 1633 1048 1724 σαωᾶωο
1071 1641 1258 1708 exciderunt.

199 1748 245 1812 De
268 1746 449 1829 καταδίκης
471 1747 548 1812 nihil
568 1765 619 1812 me
641 1746 805 1823 affirmare,
827 1764 888 1810 nen
910 1765 986 1828 opus
1009 1746 1058 1811 esi
1078 1746 1148 1810 dici.

215 1837 228 1864 '
299 1852 366 1918 ibd.
390 1852 426 1914 6ῖ
456 1853 550 1918 verba
572 1851 714 1934 corrupta
734 1852 846 1932 praeter
867 1869 961 1914 unum
984 1850 1023 1914 ad
1043 1869 1150 1915 verum
1172 1869 1258 1917 revo-

200 1957 381 2022 σκυλακεῖαι
410 1958 487 2023 Τών
503 1951 531 2023 δ’
548 1964 583 2023 ἐν
598 1970 672 2029 ταῖς
687 1949 837 2040 τριήρεσι
854 1947 1070 2040 πσιηοείντων
1091 1953 1129 2022 uo*
1154 1981 1260 2042 προσ-

199 2066 327 2148 ταχθὲν
349 2064 403 2127 καλ
435 2064 504 2128 τῶν
533 2065 661 2129 πλοίων
689 2057 730 2128 'tc'
758 2066 824 2146 μὲν
859 2053 1179 2147 ουντριβόντων
1215 2068 1259 2127 ἐν

199 2167 300 2248 (codd.
315 2161 579 2252 συντριβόγοενα)
601 2181 676 2241 ταῖς
690 2162 910 2241 α’ποστολαῖς,
933 2162 975 2233 τοί
992 2161 1021 2232 δ’
1043 2160 1260 2233 α’ποσπυίν-

197 2297 275 2339 των
296 2273 394 2347 (ccdd.
425 2267 495 2339 α’πό
523 2273 591 2338 των
618 2279 808 2359 χρωμένων)
841 2288 915 2347 ταῖς
948 2274 1099 2357 σιδηραῖς
1131 2275 1258 2358 χερσῖν,

197 2385 245 2445 ι”τι
268 2380 302 2446 δὲ
322 2375 415 2464 βοήν
440 2378 585 2455 ἐξαίσιον
607 2373 811 2454 ποιούντων,
836 2385 868 2445 οἱ
889 2385 955 2462 μὲν
979 2428 988 2445 .
1012 2426 1019 2440 .
1043 2426 1051 2442 .
1076 2380 1258 2446 Πελοπον-

197 2478 360 2570 νησιοικ.
384 2512 413 2552 τ.
437 2488 465 2549 λ,
501 2484 609 2550 Manet
631 2485 781 2551 dubitatio
804 2485 842 2550 de
864 2497 939 2557 ταῖς
960 2478 1176 2563 α’ποστολαῖς,
1198 2505 1258 2568 qua

195 2609 269 2658 voce
291 2591 456 2676 significari
479 2588 570 2655 debet
590 2591 617 2655 is
638 2591 738 2663 Iocus,
767 2591 820 2655 ubi
843 2591 911 2654 tum
932 2590 1035 2672 ipsum
1057 2593 1144 2655 eraut
1165 2609 1257 2656 naves

197 2698 351 2763 onerariae.
387 2696 456 2760 Nisi
476 2695 569 2759 nimis
591 2695 742 2761 alitteris
763 2693 980 2773 discederetur,
1002 2698 1142 2778 putarem
1163 2697 1259 2762 fuisse

198 2809 234 2869 ἐν
247 2817 320 2876 τοῖς
334 2796 604 2890 α’γκυροβολιόις.
639 2802 768 2884 Propius
784 2803 833 2867 est
855 2805 892 2864 ἐν
913 2813 1001 2874 τοῖς
1024 2795 1046 2866 α’
1054 2826 1104 2866 πο
1111 2804 1179 2888 γαί
1187 2827 1257 2877 τις,

197 2927 232 2974 eo
258 2909 447 2994 significatu,
475 2925 533 2989 que
561 2906 642 2989 apud
663 2907 824 2991 Polybium
845 2903 996 2982 XXXIII,
1026 2907 1189 2992 Ilegiiur,
1219 2907 1257 2973 de

195 3013 325 3080 funibus'
341 3033 451 3078 navem
473 3011 513 3077 ud
533 3013 649 3077 terram
672 3011 886 3096 alligantibus3
910 3008 964 3074 scd
987 3010 1044 3075 hoc
1065 3033 1119 3096 pro
1141 3015 1257 3079 incerto

184 3121 394 3203 *relinquatuu
438 3112 712 3202 [Ἀποοπαίντων
733 3117 797 3181 iam
818 3115 980 3198 Ταυρίου]

295 3225 363 3291 lbd.
380 3225 419 3286 76
442 3225 533 3290 extu:
556 3217 638 3295 τους
658 3227 723 3305 μὲν
745 3218 888 3292 ὁπλίτας
912 3214 1048 3302 Θώρακι
1149 3248 1259 3307 παρα-

198 3325 279 3402 δοτλς
301 3331 450 3395 ἐκέλευσε
473 3329 559 3416 πεζῇ
586 3326 670 3393 κατοί
694 3328 851 3412 σπουδήν
874 3329 1106 3412 ἐπιγενέσθαι,
1129 3342 1204 3406 ταῖς
1225 3328 1258 3393 δὲ

197 3437 322 3502 ’ναυσίν
350 3429 454 3508 αυτδς
477 3437 697 3520 παρέπλευσε.
738 3435 807 3498 Non
829 3433 931 3518 agitur
951 3431 989 3498 de
1011 3433 1259 3516 superveniendo,

199 3542 251 3607 sed
274 3541 312 3606 de
336 3541 524 3606 fesiinandoe
548 3534 632 3606 κακοί
656 3535 812 3624 σπουδήν
835 3540 930 3606 ἐπεί
937 3546 1098 3625 γεσθαι,

273 3673 276 3679 ·
298 3647 363 3711 Ibd.
379 3647 433 3711 79:
458 3644 661 3734 κατεχούσης
677 3646 710 3712 δὲ
727 3647 924 3731 φιλοτιμίας
939 3635 1202 3728 ἀνυπερβλήτου
1217 3642 1258 3708 τιί

199 3746 409 3836 στρατόπεδα
434 3749 543 3825 πολιλς
573 3757 703 3838 ἐγίνετο
729 3743 896 3837 πόλεμος,
924 3743 1089 3816 ἁπάντων
1116 3742 1260 3832 α’φειδώς

224 4001 246 4064 ¹)
264 4001 324 4060 Ibd.
335 4017 357 4056 e.
370 4005 404 4058 21
424 3997 488 4068 quid
505 3997 590 4052 lateat
608 3997 637 4052 in
656 3996 767 4070 ἀγαθόν
786 3995 910 4067 (οἶγαθὸν
928 3997 980 4067 γάρ
1001 3993 1056 4051 ἐστι
1074 3993 1106 4050 τὸ
1125 3997 1206 4049 θεῖον
1217 4034 1223 4049 .
1234 4031 1258 4048 ..

268 4093 445 4167 περιβαλεῖν),
465 4107 518 4146 non
537 4090 647 4160 reperit).
