3000 4668
648 283 709 354 nro.
727 283 781 340 111.
1018 253 1021 261 '
1141 279 1203 343 aaa

179 483 340 550 sententia
363 485 458 566 (ἐπεὶ
482 531 535 556 ,...
559 481 810 566 διαπολεμῆσαι
830 473 877 546 ἄν
900 473 1089 564 ἐπιφανείς)
1121 479 1244 550 auditus

171 584 301 658 ¹tanturn
324 590 423 666 δοκεῖ,
446 609 508 656 non
532 591 742 676 σαφέστατον
765 585 864 654 εἶναι.
1297 579 1299 582 ’

278 695 345 764 Ihd.
368 695 419 774 89,
442 697 477 772 3,
505 695 603 762 eiecto
626 702 796 779 streperos,
826 691 908 776 quod
929 691 1096 758 orationem
1119 693 1150 756 et
1171 709 1243 756 son-

179 802 312 868 tentiam
326 802 433 868 turbat
448 801 589 884 quodque
603 802 668 868 tras
684 799 802 876 eodioes
813 797 961 864 omittunt
981 815 1037 864 nee
1057 796 1242 862 scholiastes

178 907 302 986 habuit,
330 906 507 990 euestigiie
534 905 674 974 eodienm
697 901 822 983 (ούοσι,
844 899 949 980 οὕτω,
980 919 1039 969 non
1067 895 1108 968 οὐ
1130 897 1183 981 τό)
1212 905 1243 968 et

179 1013 364 1104 scholiorum
397 1014 547 1098 (ἔλεγον,
580 1008 635 1077 ὅτι
665 1005 728 1078 οὖν
757 1003 1016 1092 αἰιαλλακταιῶς
1044 1015 1155 1094 ἔχουσι
1178 1001 1243 1091 1τῆς

180 1114 390 1205 ὀλιγαρχίας,
416 1117 469 1184 ubi
491 1116 658 1200 significari
683 1112 929 1192 dueiiaieisw
950 1133 1004 1198 pro
1024 1132 1117 1198 pravo
1138 1113 1242 1186 future

179 1219 392 1314 ιῖπαλλιίξειν
413 1223 602 1288 Abresohius
623 1223 787 1297 intellexit)
808 1220 1003 1288 scribendum
1027 1221 1088 1295 est:
1105 1212 1242 1306 ‚possod-
1319 1257 1321 1270 ι

179 1357 280 1417 μενοι
304 1331 354 1405 δὲ,
376 1324 421 1402 ὥς
443 1336 586 1414 ἔφασαν,
608 1323 647 1396 τό
670 1321 699 1394 τ’
720 1335 758 1394 ἐν
779 1329 822 1416 τῇ
841 1321 944 1412 Σάμῳ
968 1319 1161 1412 στράτευμα
1186 1328 1241 1392 καὶ

178 1433 241 1504 τόν
263 1426 647 1524 Ἀλκιβιοῖιληνισαουιλῄ
676 1421 770 1502 πάνυ
798 1424 883 1506 τους
910 1457 947 1514 σε
977 1437 1011 1506 ἐς
1038 1429 1242 1516 aqviliano-

180 1545 327 1630 δαίμονα
361 1545 676 1629 πρεσβευομένους,
711 1534 761 1626 μή
795 1567 827 1606 τι
858 1535 941 1606 ἄνευ
969 1539 1037 1604 τῶν
1074 1533 1242 1606 πλειόνων

180 1645 286 1716 κοινόν
331 1641 476 1736 δράσασι
517 1644 583 1732 τήν
620 1643 744 1724 πόλιν,
786 1643 899 1722 adacto
934 1632 1241 1720 οἷνιαλλαξείειν

179 1751 322 1842 η’ξίουν
343 1755 406 1822 τοῦ
427 1751 518 1840 ἄγαν
538 1749 573 1828 ἐς
595 1748 731 1843 ὀλίγους
754 1747 885 1827 ἐλθεῖν,
908 1744 993 1816 diii
1017 1745 1098 1824 τούς
1113 1776 1239 1816 πεντα-

179 1863 470 1950 κισχιλίους“ε”ργῳ
499 1863 554 1930 καὶ
582 1858 634 1946 μή
669 1855 814 1946 ὀνόματι
848 1859 966 1946 χρῆναι
995 1849 1238 1926 ἀποδεικνύναι

179 1972 233 2036 καλ
270 1963 337 2053 τήν
372 1969 552 2036 πολιτείαν
586 1971 758 2056 ιὀαιτέραν
792 1959 1013 2032 καθιστάναι.
1084 1959 1241 2030 Exoidisaa

178 2077 307 2142 verbum
328 2072 529 2142 manifestum
551 2077 608 2149 est,
629 2091 687 2138 noo
708 2074 808 2138 nilum
824 2073 926 2156 aptius
942 2073 991 2138 est
1007 2089 1100 2154 quam
1122 2063 1240 2155 ἠξίουν

177 2181 329 2264 facileque
341 2179 382 2250 ¹id
402 2182 474 2262 post
494 2167 622 2248 litteras
638 2186 762 2256 αξειειν
779 2179 889 2246 οιαίιιὶ
909 2180 1039 2266 poterat.
1083 2175 1241 2242 Sententia

178 2289 284 2371 aperta
305 2288 363 2352 esi.
406 2281 614 2354 Theramenes
635 2285 770 2368 sociique
785 2285 851 2350 eius
867 2284 1004 2352 nondum
1024 2283 1130 2365 oporte
1151 2283 1239 2350 abro-

177 2383 335 2477 gationem
350 2391 525 2476 eligarohiae
543 2411 607 2474 prae
618 2409 653 2460 se
669 2391 819 2468 ferebant,
843 2389 899 2457 sed
920 2389 1034 2472 expleri
1055 2380 1238 2471 promissam

176 2497 349 2582 oligarehiae
370 2498 502 2564 formam
522 2495 730 2578 postulabunt.

628 2811 710 2922 Cap.
737 2839 783 2902 ΙΙ.
852 2833 855 2842 ’

632 2992 789 3062 Xenophon.
882 2975 887 2982 ⁸

276 3128 484 3214 Thucydidem
517 3131 608 3194 atate
642 3131 799 3213 proximus
831 3127 1028 3212 subsequitur
1054 3125 1235 3208 Xenophon,

175 3235 261 3300 euius
295 3233 433 3300 historia
455 3233 568 3302 (traua
596 3235 928 3322 quoniam-Thueydidi
966 3232 1147 3318 argumento
1168 3232 1235 3313 ipso

174 3339 369 3424 adiungitur,
402 3341 441 3405 eh
473 3357 509 3406 ea
540 3340 697 3424 insipiam.
761 3341 805 3408 Ut
836 3343 942 3406 autem
974 3325 1113 3406 omniuin'
1132 3337 1236 3401 Xeno-

173 3445 298 3526 phontis
330 3463 457 3528 operum
497 3445 616 3511 codices
652 3445 717 3510 fere
745 3445 824 3511 satis
860 3445 1000 3512 recentes
1031 3445 1104 3509 sunt
1140 3445 1177 3507 et
1202 3443 1234 3506 in

174 3550 319 3616 orationis
330 3553 361 3616 et
371 3552 593 3617 sententiarum
602 3552 702 3616 forma
722 3551 812 3616 faoile
834 3533 966 3618 currenti
986 3554 1092 3618 tamen
1113 3549 1234 3614 mendis

173 3657 299 3730 nonita
325 3675 393 3722 raro
420 3655 657 3740 interpoiatione
678 3657 773 3724 teetie
787 3657 973 3740 depravati,
1004 3656 1094 3723 valde
1117 3655 1234 3738 antiqui
1315 3665 1317 3670 ’

173 3765 205 3826 et
227 3761 405 3848 integritate
428 3762 669 3846 auctoritateque
690 3763 872 3846 praestantes
901 3763 996 3842 nulli,
1027 3763 1086 3828 etsi
1109 3762 1140 3826 in
1164 3762 1232 3826 aliis

174 3867 315 3949 operibns
339 3887 418 3934 unus
438 3869 472 3932 et
491 3868 570 3934 altor
591 3867 696 3946 minus
714 3859 897 3934 mendorum
911 3870 945 3936 et
956 3869 989 3934 in
1004 3869 1124 3936 mendis
1144 3869 1233 3951 plura

172 3973 304 4057 vestigia
320 3973 383 4040 veri
394 3972 498 4048 habat,
520 3973 564 4040 sie
576 3973 667 4038 huius
678 3975 778 4056 operis
792 3975 1055 4074 etiamaiiquento
1071 3973 1232 4040 inferiores

173 4097 265 4162 quam
299 4079 485 4162 reliquorum
518 4097 585 4146 esso
617 4078 776 4159 arentur,
810 4082 928 4148 loeunis
954 4099 1073 4165 quoque
1101 4079 1229 4148 subinde
