3000 4668
1254 2 1330 112 tN

659 289 719 346 nit.
738 290 792 346 ΠΙ.
1154 289 1214 353 351
1259 118 1310 490 Χ,
1404 244 1409 254 1
1430 288 1496 401 'RN

292 489 360 554 lod
389 489 423 564 6,
453 489 509 551 30:
532 491 579 555 Εἰ
609 487 642 554 δὲ
665 483 707 570 δή
730 483 1002 574 ύσυμπαρέχιον
1020 483 1108 574 ύμῖν
1129 484 1258 574 ταύτην

189 592 259 678 τήν
281 588 470 680 οἷσφοέλιιαν
492 590 542 679 μή
566 587 660 659 udae
682 589 795 660 πολύν
822 591 962 678 μισθόν·
978 599 1172 680 προσετέλει
1197 597 1260 678 τῆς

189 696 394 784 αόφολείας,
416 702 517 768 τοῦτο
541 695 582 784 δή
605 696 644 765 τύ
661 694 977 784 σχέτλιονπύθημα
1000 703 1056 766 καλ
1080 701 1135 767 δια
1156 704 1257 768 τούτο

193 801 331 894 ούδαμῄ
361 809 478 874 οἴεσθε
505 807 625 892 χρῆναι
658 807 765 885 ζῶντα
795 811 853 888 ἐμὲ
882 800 1013 872 dpereat
1022 833 1033 885 3
1067 808 1135 872 Non
1158 808 1260 892 agitur

191 915 233 980 de
254 913 397 980 mercede
426 914 613 990 securitatis,
641 912 697 978 sed
723 915 834 994 prater
860 915 1057 1004 securitatem
1084 913 1259 978 mercedem

194 1021 409 1102 postulabant:
438 1022 469 1082 εἰ
496 1013 546 1102 μή
576 1069 582 1083 .
607 1062 615 1081 .
639 1065 646 1084 .
674 1014 808 1102 μισθόν
830 1022 1023 1102 προσετέλει
1051 1013 1099 1104 τῇ
1130 1013 1260 1101 ἄσφα-

137 1157 139 1165 *
196 1125 286 1208 λείᾳ
320 1124 437 1200 (dativo
479 1123 520 1190 cd
557 1122 803 1206 prepositionem
845 1123 1012 1200 adiuncto).
1064 1125 1112 1188 De
1149 1127 1259 1190 erroris

194 1248 307 1314 genere
321 1229 438 1294 dictum
459 1249 497 1310 pa
514 1229 608 1294 diet
628 1227 668 1292 od
690 1227 827 1311 Thueyd.
852 1230 894 1306 ΙΙ,
917 1230 968 1305 83,
991 1230 1019 1293 1.

295 1335 332 1400 Iu
354 1331 540 1420 dyrcpcdie
569 1351 686 1416 quoqne
713 1333 794 1398 haud
825 1351 925 1415 panca
942 1334 1058 1400 'menda
1079 1353 1140 1400 non
1161 1337 1261 1400 solum

195 1441 366 1524 suspicione
386 1439 566 1522 attingere,
607 1437 663 1502 scd
700 1439 792 1504 certis
831 1441 926 1506 etiam
964 1439 1087 1506 indiciis
1134 1459 1261 1525 arguere

195 1546 305 1630 possis,
326 1545 366 1610 ad
392 1564 459 1628 σου
485 1542 622 1610 tollenda
650 1544 728 1608 nihil
751 1545 799 1610 est
826 1545 902 1610 satis
923 1545 1006 1610 firmi
1033 1547 1204 1614 adiumenti
1230 1550 1261 1612 in

192 1651 336 1716 *codicum
357 1651 509 1732 scriptura
528 1648 682 1726 interdum
709 1649 788 1716 mire
816 1650 995 1733 perturbata
1021 1654 1053 1718 et
1077 1652 1263 1736 interpolata
1372 1737 1375 1744 γ

198 1757 296 1836 (velut
316 1757 343 1835 1,·
364 1759 394 1834 4,
417 1757 467 1834 22,
489 1756 526 1833 V,
549 1757 579 1832 2,
601 1755 652 1829 33,
674 1756 761 1823 cuius
782 1756 843 1822 loci
860 1756 1047 1838 pravitatem
1059 1756 1262 1824 Schneiderns

197 1863 282 1928 recto
311 1862 453 1937 notavit).
506 1862 556 1926 Ab
589 1861 767 1930 huiusmodi
793 1861 914 1940 mendo,
941 1862 1021 1945 qnod
1046 1857 1148 1940 iutrr'it
1165 1883 1263 1930 coar-

197 1967 316 2052 guendo
338 1968 495 2049 incipiam,
516 1969 587 2050 post
606 1970 728 2034 tantum
757 1987 794 2032 ea
814 1969 1047 2050 persecuturus,
1074 1969 1184 2051 quibus
1206 1970 1264 2034 ali·

197 2073 271 2155 quid
292 2073 357 2154 opis
379 2074 486 2140 adone
507 2073 634 2155 possim.
678 2073 760 2138 Nem

297 2177 362 2242 Lib.
384 2178 409 2253 Ι,
432 2180 463 2257 4,
487 2177 525 2239 18
546 2178 691 2244 scribitur
712 2177 838 2244 vitiose:
860 2173 907 2244 ‘0
929 2178 963 2244 δὲ
978 2179 1093 2262 Κύρος
1118 2229 1126 2244 .
1150 2231 1158 2246 .
1182 2229 1189 2244 .
1213 2185 1264 2245 ἐν·

197 2289 328 2369 βοηθεῖ
356 2283 410 2348 καλ
445 2275 550 2358 advoc
583 2284 720 2366 πρῶτον
749 2276 828 2348 τότε
861 2279 952 2372 ὅπλα
987 2281 1102 2359 ἐνδύς,
1134 2282 1261 2354 ούποτε
1306 2353 1310 2362 ,

198 2383 371 2472 οἰόμενος·
411 2384 518 2461 οὕτως
550 2385 721 2472 ἐπεθύμει
754 2382 873 2464 αὐτοῖς
913 2390 1168 2466 ἐξοπλίσασθαι.
1223 2393 1264 2456 nt

197 2514 287 2560 arma
307 2513 352 2560 -se
384 2495 547 2578 aliqnando
579 2498 774 2577 sumpturum
807 2495 882 2562 setis
914 2497 1002 2562 norat
1038 2498 1070 2560 et
1101 2498 1264 2580 putaverat

200 2601 297 2684 Cyrus
336 2606 446 2682 (neque
485 2600 567 2664 enim
602 2601 694 2666 rerba
725 2602 915 2685 significant,
956 2601 1093 2668 nondum
1130 2601 1162 2664 id
1198 2601 1263 2666 fore

200 2709 342 2788 putasse3
370 2708 402 2770 et
433 2705 564 2770 debebat
591 2723 657 2770 osse
690 2707 855 2790 οἰηθείς),
887 2711 919 2772 et
952 2703 1063 2778 οὕτως
1091 2698 1264 2791 ἐπεθύμει

200 2811 309 2890 (adeo
331 2812 525 2892 cupiebat)
555 2812 691 2876 ostendit
715 2815 787 2878 ante
809 2812 925 2895 aliquid
947 2812 1154 2896 significatum
1188 2831 1264 2890 csse,

199 2917 282 3000 quod
304 2917 405 2984 studio
426 2936 459 2982 se
480 2915 620 2983 armandi
641 2915 790 2982 omiserit.
826 2917 969 3000 Suspicor
991 2917 1140 3000 scriptum
1159 2917 1264 2994 λσὶεοο,

202 3016 251 3087 ού
273 3029 408 3104 repone
418 3014 592 3105 ώμενος,,
608 3039 668 3086 non
680 3023 752 3086 ante
764 3023 989 3104 contemplens;
1005 3041 1077 3088 nam
1089 3024 1266 3104 spectaculo

202 3129 322 3200 fruendi
344 3127 481 3194 studium
502 3128 599 3192 altera
620 3127 772 3210 cupiditas
785 3128 984 3194 excludebat.

303 3234 370 3298 lbd.
394 3234 429 3306 5,
451 3234 487 3297 3:
516 3233 569 3298 καλ
599 3228 686 3316 πρὸς
714 3227 949 3318 Παφλαγόνος
977 3235 1032 3300 καὶ
1061 3227 1193 3307 Ἰνδούς
1212 3237 1267 3300 καὶ

204 3336 291 3424 προς
312 3341 435 3424 Κᾶρας
457 3341 512 3404 καὶ
536 3339 691 3413 Κίλικος.
710 3339 915 3430 ¹Alienissimi
936 3339 1006 3406 hinc
1027 3339 1116 3408 Indi:
1140 3341 1269 3406 Videtur

201 3446 373 3528 Xenophon
394 3440 575 3516 Βιθυνούς
596 3447 785 3521 nominassc3
812 3446 1000 3510 nemetiam
1027 3447 1145 3512 Σίνδοι
1176 3447 1269 3512 nimis

204 3553 315 3618 remoti
335 3551 487 3628 videntur,
512 3551 602 3634 longe
623 3555 730 3616 tamen
751 3551 836 3628 Indis
859 3551 1002 3634 aptiores.

255 3711 258 3718 .
305 3656 372 3722 Ibd.
404 3657 438 3733 6,
467 3657 496 3720 5.
541 3656 648 3739 Neque
673 3651 954 3740 ἀφυλακτοῦντας
981 3657 1077 3740 (quod
1099 3657 1200 3722 solum
1220 3675 1271 3730 re·

204 3762 353 3844 spondere
375 3761 432 3828 soli
455 3764 724 3846 ἐπιμελομένους
744 3762 847 3842 debet)
869 3764 1048 3848 genetivum
1069 3763 1151 3825 recte
1177 3759 1272 3824 habet

205 3870 238 3932 et
258 3867 351 3932 nimis
371 3867 492 3932 infinito
519 3866 631 3932 dicitnr
655 3867 733 3933 illud
760 3873 970 3956 παρέχοντας
991 3860 1170 3940 τοιούτους
1191 3872 1271 3934 ἐου-

206 3968 288 4046 τούς
313 3981 406 4047 οἵους
428 3972 531 4044 delet
556 3992 649 4058 prave
675 3975 793 4058 pondus
824 3976 975 4043 incumbit
997 3976 1029 4042 in
1052 3972 1272 4060 παρέχοντας.

206 4079 422 4146 scribendum:
452 4080 507 4146 ιαλ
531 4081 802 4166 ἐπιμελομένους
823 4077 1075 4168 α’σφαλέστερον
1098 4077 1229 4166 διάγειν
1250 4075 1272 4165 ἢ
