3004 4676
644 283 703 340 Lib.
720 284 769 342 IV.
1130 279 1190 342 527

269 479 339 546 lbd.
360 480 399 542 89
422 484 498 546 extr.
528 481 571 562 (1,
594 482 647 558 99)
677 481 849 548 tollendum
875 481 911 548 δέ
930 482 1002 564 post
1022 483 1127 546 πλέον
1155 475 1233 562 (την

173 585 446 670 Μεσοποταμίαν
480 634 488 652 .
517 632 526 650 .
555 634 564 651 .
598 590 816 673 περιέχεσθαι
851 590 957 673 λέγων
992 579 1062 652 ind
1100 611 1136 652 τε
1169 586 1232 652 τοῦ

170 682 357 774 Εὐφράτου
389 693 444 758 καί
476 693 544 769 του
566 692 736 780 Τίγριδος,
770 688 808 758 oo*
843 695 948 758 πλέον
980 691 1042 776 τῆς
1074 689 1232 777 περιοχῆς

168 788 237 862 dno*
259 822 289 861 τ.
311 789 402 882 Εάφ.
426 797 632 883 συμβαίνειν
654 799 781 883 φησίν).
1065 849 1068 856 .

268 903 335 967 Ibd.
357 904 461 981 84(1,
483 905 537 982 31)
560 903 657 969 oratio
679 905 724 969 oio
743 902 989 988 interpungenoa
1010 901 1076 965 est:
1108 894 1149 966 οιί
1172 925 1232 966 πι-

142 1068 147 1075 .
168 1004 295 1084 θανόν,
317 1008 387 1092 τῆς.
401 1035 440 1075 τε
464 1004 736 1096 Σεμιράμιδος..
751 1059 758 1074 .
773 1000 987 1093 μητρόπολις
1007 1006 1069 1089 τῆς
1092 1006 1230 1090 Συρίας,

168 1114 222 1178 καί
246 1114 307 1198 τῆς
331 1115 508 1182 διαλέκτου
613 1110 923 1200 διαμενούσης...
948 1113 1002 1180 καί
1030 1125 1101 1184 τοῖς
1123 1104 1229 1192 ἐντός.

173 1215 221 1284 Τά
245 1220 279 1284 δὲ
302 1222 475 1286 ἐνταῦθα.
491 1265 498 1280 .
515 1265 523 1285 .
538 1221 688 1289 διασπᾶν
711 1230 816 1295 ἔθνος
837 1212 1100 1308 γνωριμώτατον
1115 1242 1143 1282 κ.
1155 1244 1183 1283 τ.
1199 1220 1229 1283 λ.

266 1325 335 1390 Ibd.
355 1326 395 1389 85
429 1325 470 1403 (1,
500 1325 553 1403 39)
591 1329 791 1394 menifestum
827 1329 875 1392 est
907 1325 1056 1392 excidisse
1090 1322 1230 1406 quaedam

165 1434 291 1514 propter
311 1431 525 1515 repetitionem
548 1434 713 1520 eorundem
734 1452 858 1499 vooum:
882 1433 937 1497 ἐπὶ
959 1434 1084 1516 μέρους
1107 1429 1141 1499 δέ
1164 1430 1229 1513 μη-

166 1559 225 1608 κος
251 1540 315 1620 μέν
343 1535 382 1603 τά
422 1533 643 1628 παράλληλον
677 1538 722 1623 τῷ
758 1539 821 1603 τοῦ
856 1535 940 1604 ὅλου
971 1530 1073 1622 μήκει
1107 1537 1229 1619 τμῆμα

166 1643 310 1718 ἐκείνου,
333 1637 491 1716 πλάτος
514 1643 555 1710 δέ
577 1639 621 1710 τό
652 1639 922 1730 παράλληλον
949 1644 999 1728 τῷ
1028 1642 1101 1708 τοῦ
1130 1638 1229 1706 ὅλου

165 1739 480 1834 πλάτειτμῆμοι
514 1751 684 1816 ἐκείνου.
728 1748 858 1828 (Deinde
882 1767 958 1814 eoo:
985 1740 1154 1832 ὁπότερον
1185 1737 1229 1814 dv

164 1845 241 1920 οὖν
263 1845 449 1942 ἧμεῑζον.)

264 1960 331 2026 Ibd.
353 1960 456 2038 86·(1‚
479 1959 520 2021 33
542 1961 650 2034 θήῃς
683 1953 746 2026 οὐκ
773 1953 819 2024 οἶν
841 1961 894 2043 εἴη
924 1955 1144 2043 παράλληλος
1166 1951 1228 2026 ου’·

165 2066 291 2152 δετίρᾳ.
338 2065 418 2132 Son:
440 2057 907 2152 οὐδετέρῳίπαραλλήλῳ).
956 2066 1074 2130 Deinde
1099 2070 1133 2130 αἱ
1163 2062 1227 2150 βό-

164 2197 247 2256 ρειοι
270 2190 416 2254 provum3
450 2189 523 2236 nem
556 2172 594 2236 de
628 2172 834 2256 sepiendione
867 2172 990 2237 omnino
1023 2191 1083 2236 non
1115 2173 1225 2256 agitur.

164 2277 291 2346 Codices
313 2274 509 2361 διαβόρειοι.
554 2277 683 2342 Videtur
703 2277 812 2342 fuisse:
842 2268 1047 2360 διάφοροι.

264 2383 331 2450 Ibd.
353 2384 393 2446 87
416 2384 461 2463 (1,
484 2382 536 2459 35)
558 2381 768 2448 scribendum:
808 2375 935 2466 φήσας,
972 2387 1002 2446 εἰ
1033 2387 1099 2465 μέν
1131 2377 1223 2466 παρά

161 2484 266 2572 μικρά
291 2481 505 2572 διαστήματα
534 2483 687 2572 ὑπῆρχεν
716 2482 735 2552 o‘
763 2491 908 2575 ἔλεγχος,
939 2488 1131 2574 συγγνῶναι
1163 2483 1224 2552 άν·

162 2591 281 2679 ἐπειδη
315 2594 350 2659 δὲ
383 2620 412 2660 κ.
434 2621 463 2659 τ.
487 2597 516 2658 λ.
572 2594 673 2676 Vulgo
709 2594 781 2674 post
813 2588 856 2657 οἲν
889 2593 1013 2658 additur
1045 2585 1105 2678 ἦν,
1141 2594 1226 2660 nulle

161 2701 328 2872 stmctilid.
351 2805 390 2868 89
425 2805 467 2884 (1,
488 2803 540 2881 36)
568 2802 764 2868 scribendum
793 2803 1132 2887 interpungendumque
1161 2805 1224 2869 ita:

159 2917 217 2976 ἵνα
237 2887 274 2975 ὶδὲ
297 2904 356 2995 μή
379 2904 562 2996 οἷνίσχυρον
584 2899 619 2996 ᾖ,
648 2903 687 2974 τά
710 2903 778 2974 άπιί
804 2909 935 2975 ἐκείνου
958 2902 1142 2992 διδόμενον
1164 2911 1224 2974 λα-

157 3009 252 3102 βοίν,
284 3011 323 3082 τά
352 3016 440 3082 εἶναι
476 3014 624 3080 ...έπλ
659 3011 740 3086 τοάς
773 3009 876 3098 ὅρους
907 3016 969 3098 της
1001 3016 1222 3099 Καρμανίας,

159 3115 361 3188 δεικνάτιο
391 3119 430 3188 τά
453 3114 552 3186 αὐτό.
597 3121 698 3204 Vulgo
720 3121 878 3186 scribitur:
909 3128 966 3185 ἵνα
989 3114 1018 3186 δ’
1040 3115 1224 3208 άνίσχυρσν

157 3218 240 3317 ᾔτό
262 3221 322 3294 ὑπ’
345 3235 389 3293 ἐκ.
412 3231 445 3294 et
475 3226 622 3292 ἐδείκνυε
650 3222 687 3292 τά
712 3219 811 3305 αὐτό,
846 3226 925 3310 quod
951 3226 1143 3309 postremum
1164 3229 1223 3294 fal·
1286 3249 1289 3257 ¹

156 3333 314 3398 sissimom
337 3334 385 3398 esd
408 3335 459 3416 (ne
481 3328 581 3397 dioom
604 3331 642 3396 de
663 3331 844 3414 imperfecto
864 3351 919 3414 pro
942 3333 1078 3411 eoristo).
1114 3335 1222 3400 Potest

155 3439 251 3503 eiiam
271 3437 382 3504 fuisso:
407 3445 464 3504 ἵνα
488 3433 517 3503 δ’
539 3427 584 3502 αὖ
606 3433 742 3522 έσχυρδν
763 3427 796 3524 ᾖ.
1075 3429 1078 3436 ’

256 3539 324 3630 ibd.
351 3545 391 3605 99
415 3547 457 3622 (1,
478 3546 546 3621 40):
577 3536 619 3608 οὐ
643 3537 733 3608 πολεί
761 3531 866 3650 ἦτρον
894 3535 1221 3629 μεσημβρινοίτερον

154 3642 205 3712 ὅν.
251 3646 360 3713 scrib-2
382 3645 686 3734 μεσημβρινὸν
708 3646 757 3714 ὄν.

255 3753 322 3819 Ibd.
339 3754 379 3818 95
397 3757 440 3834 (2,
464 3756 511 3832 3):
534 3747 684 3839 αήόρους
705 3748 798 3838 πλην
819 3753 954 3838 σιλφίου
976 3755 1031 3818 καί
1055 3750 1221 3836 πυρωδοίν

154 3882 258 3922 τινων
292 3860 433 3943 καρποίν
459 3861 755 3947 συγκεκαυμένον.
808 3843 919 3923 Sorib.:
960 3857 1219 3943 πυρηνοιδάν

154 3989 257 4030 τινοιν
278 3966 424 4054 καρπῶν.
470 3964 552 4030 Nem
574 3964 700 4050 καρποί
724 3956 891 4048 πυρώδεις
913 3963 990 4028 nulli
1017 3967 1105 4042 sunt;
1144 3962 1220 4029 satie

153 4073 202 4136 eet
223 4073 488 4158 συγκεκαύσδαι.
