2954 4664
303 277 360 338 122
739 278 798 332 Lib.
817 279 840 334 1.

258 477 356 553 cedit,
390 479 426 540 ut
452 478 524 558 post
551 469 704 544 Caniculae
740 441 861 547 ortum.
893 477 1039 543 exhausto
1078 478 1187 544 effectu
1214 476 1326 559 prioris

257 581 571 670 appropinquationis,
618 581 720 670 etesiae
762 580 913 646 desinant.
981 581 1152 664 Scripserat
1190 581 1324 647 Seneca:

257 688 360 752 ultra
411 685 554 754 ortum.
578 669 773 752 Caniculae
817 703 887 750 nou
930 687 1077 766 ualent,
1121 689 1207 771 quia
1249 689 1322 752 iarn

258 775 422 857 mul-tuni
461 811 477 855 e
511 781 775 874 frigida·ooeli
809 793 917 872 parte
952 793 988 856 in
1020 793 1117 856 hanc
1150 792 1325 871 (submissi-

257 904 339 961 orem
375 887 410 961 a'o
437 896 630 978 lepidiorem)
660 895 874 959 coniectum
906 898 964 961 est
996 915 1037 962 ac
1069 897 1143 975 sol,
1175 897 1326 962 mutato

259 1021 387 1080 cursu,
415 1002 449 1067 in
476 1001 623 1066 austrum
650 1002 741 1066 retro
773 999 911 1064 tendit
930 1003 967 1065 et
988 1003 1149 1067 alteram
1174 1007 1325 1086 partem

258 1109 361 1172 aeris
384 1107 607 1190 (meridianam)
629 1105 811 1184 attrahit,
832 1105 922 1172 illam
944 1125 1028 1171 vero
1043 1107 1215 1188 impellit
1236 1119 1326 1179 (eou-

257 1214 401 1289 trariam,
425 1211 709 1304 septentrionalem
731 1213 813 1276 male
833 1211 918 1276 codd.
942 1214 974 1276 et
995 1211 1064 1278 edd.
1087 1212 1221 1290 aliam,
1244 1212 1323 1294 qnod

258 1320 362 1384 Koeler
377 1337 504 1401 pravum
522 1335 588 1381 esse
605 1317 765 1395 intellexit,
788 1316 1026 1382 sedalteram
1047 1317 1193 1382 substitui
1204 1317 1326 1394 voluit),

258 1425 318 1490 Sed
340 1443 378 1488 ne
399 1425 449 1487 hie
471 1422 594 1504 quidem
614 1423 694 1485 teste
716 1423 829 1487 veritas
855 1439 978 1503 prorsus
1000 1423 1097 1498 caret;
1124 1441 1196 1486 uam
1230 1421 1323 1486 codex

257 1529 508 1612 Bambergensis,
530 1527 667 1592 omnium
700 1528 851 1610 optimus,
884 1545 943 1590 nou
978 1527 1073 1591 habet
1103 1527 1143 1590 in
1176 1531 1323 1603 nostra,

258 1636 311 1700 sed
331 1635 378 1698 in¹
392 1635 479 1698 ar'a.

329 1725 332 1732 ¹
357 1715 469 1804 Omnia
490 1739 521 1801 in
551 1737 724 1802 coniectura
756 1736 800 1802 sie
822 1737 928 1800 rettuli
960 1737 999 1800 ad
1020 1737 1160 1802 codicum
1183 1738 1325 1821 vestigia,

258 1849 307 1921 ut,
336 1839 458 1908 etiamsi
476 1843 578 1924 ¹plane
611 1842 694 1906 aliud
721 1843 933 1919 vocabulum,'
948 1861 984 1906 ao
1013 1843 1142 1925 scriptor
1160 1843 1328 1925 posuisset,

258 1949 443 2014 vocabulave
465 1949 515 2013 vel
535 1948 567 2012 in
590 1949 812 2031 antiquissimis
836 1949 992 2013 codicibus
1019 1949 1187 2014 substituta
1210 1951 1324 2027 essent,

259 2057 379 2128 tamen,
412 2055 438 2145 si
467 2055 602 2137 aliquam
623 2054 815 2136 interpolatio
847 2053 1081 2118 similitudinem
1109 2055 1328 2120 suanenses

258 2159 506 2246 reliquissetque,
530 2178 635 2222 verum
662 2145 788 2241 reperiri
810 2153 1059 2243 argumentisque
1081 2159 1213 2224 stabiliri
1233 2179 1326 2242 possa

258 2267 407 2342 dicerem,
445 2265 497 2327 ubi
532 2281 655 2346 prorsus
692 2263 786 2328 nihil·
801 2283 836 2329 ex
868 2283 939 2330 vera
970 2265 1069 2330 forma
1102 2265 1135 2330 in
1168 2265 1328 2330 codicibus

256 2373 397 2444 restaret,
430 2369 507 2440 nihil
526 2370 711 2433 coniectura
748 2371 829 2436 effici
862 2389 935 2446 nac,
970 2371 1111 2453 quamvis
1143 2371 1329 2453 suspicionis

256 2480 350 2541 iusta·
367 2495 459 2540 eausa
486 2477 646 2557 appareret
673 2479 727 2540 aut
755 2475 1208 2559 certumesset,·sc1iptorem
1240 2477 1326 2541 uliud

256 2583 404 2664 posuisse,
435 2579 598 2655 auxilium,
627 2597 686 2660 quo
715 2583 840 2664 quidem
869 2583 908 2666 ad
936 2595 1043 2645 veram
1075 2583 1327 2647 emendationem

257 2687 482 2762 deduceremur,
503 2685 601 2748 ullum
619 2703 692 2754 asse
713 2687 772 2750 nisi
793 2687 826 2750 in
844 2673 1113 2752 testimoniofcasu
1134 2687 1256 2752 aliunde
1280 2689 1328 2770 (in

256 2793 378 2857 scholiis
412 2793 465 2855 aut
492 2791 572 2872 apud
602 2791 819 2874 grammaticos
853 2793 968 2858 aliosve
1012 2791 1185 2874 scriptores)
1213 2793 1329 2858 oblato..

256 2897 317 2962 Sed
338 2899 444 2988 oritur,
467 2915 544 2972 ecco,
568 2895 823 2974 GnDindorfins,
847 2898 899 2979 qni
916 2898 958 2976 (in
980 2899 1095 2982 praesat.
1117 2897 1188 2963 edit.
1211 2899 1327 2981 quintae

256 3005 416 3084 poetarum
451 3002 638 3066 scenicorum
678 2993 707 3083 p.
736 3002 782 3067 III
813 3003 869 3067 col.
897 3003 929 3079 2)
955 3002 1049 3081 hunc,
1087 3022 1162 3087 quae.
1185 3003 1327 3069 codicum

256 3107 393 3191 vestigius
431 3091 570 3183 insistat,
614 3105 861 3172 emendationem
897 3125 957 3172 non
1001 3107 1141 3173 sufficere
1185 3110 1327 3190 disputat

257 3217 288 3278 et
310 3231 410 3295 „saepe
431 3213 508 3276 nihil
525 3211 677 3293 prodesse
698 3212 774 3276 loeis
796 3211 920 3295 gratim
942 3215 1102 3295 corruptis,
1121 3215 1175 3280 ubi
1195 3215 1328 3291 librarii,¹

119 3349 124 3358 ,
258 3339 325 3401 quae
356 3319 387 3382 in
419 3317 641 3403 exemplaribus
680 3317 919 3400 antiquioribus,
953 3315 1034 3382 unde
1065 3318 1188 3384 coffinus
1217 3339 1327 3402 supera

257 3426 345 3489 stites
376 3417 523 3507 originem
546 3423 674 3500 ducant,
695 3423 770 3486 situ
799 3426 830 3486 et
857 3425 1011 3488 vetustate
1042 3423 1172 3506 aliisque
1201 3425 1326 3490 casibus

257 3531 419 3610 obscurata
430 3527 663 3595 veloblitterata
673 3529 784 3605 esent,
794 3529 947 3610 uteunque
955 3528 1127 3599 instaurare
1139 3530 1239 3593 conati
1250 3531 1326 3606 sint,

260 3639 294 3700 et
321 3653 443 3718 prorsus
472 3633 602 3697 absurde
631 3631 770 3696 adhiberi
798 3633 985 3718 corrigendis
1013 3651 1072 3698 uon
1100 3623 1212 3716 paucis,
1226 3635 1324 3699 inter-

257 3721 428 3822 polatorum
463 3738 662 3822 commentis,
700 3739 753 3820 qui
795 3727 901 3803 multis
940 3740 1029 3803 ante*
1048 3741 1169 3804 nostros
1203 3729 1323 3804 codices

257 3845 368 3910 seculis
398 3845 556 3926 plurime,
583 3861 649 3924 quae
682 3835 825 3924 oomupta
859 3846 964 3908 esseut
990 3845 1040 3910 vel
1072 3857 1249 3927 quacunque
1283 3843 1325 3908 de

257 3951 348 4014 causa
370 3949 577 4032 displicerent,
597 3949 642 4011 ite
663 3947 703 4011 ad
729 3948 892 4012 arbitrium
906 3967 1004 4014 sunm
1028 3937 1254 4026 conbrmarint,
1287 3949 1325 4012 ut

256 4053 429 4118 litterarum
464 4052 713 4130 similitudinem,
743 4067 835 4134 quam
857 4053 996 4118 hodierni
1023 4053 1121 4118 critici
1150 4053 1324 4118 consectari
