2944 4660
615 281 675 338 Lib.
695 280 716 336 l.
1110 281 1150 344 43

132 490 203 564 bus,
241 485 388 570 podagrae
417 485 449 548 at
478 483 626 564 chiragra
654 479 808 550 domicilio
836 483 879 552 (at
892 555 893 560 γ
907 467 994 545 addit
1015 481 1201 546 Plutarchus

131 593 199 675 post
230 604 361 677 χιῑροιςε
406 585 457 661 οἷς
486 589 682 668 ἐνοικίζεται
715 582 820 669 πάθη.
847 581 941 652 δεινοί
974 588 1029 652 aui
1053 589 1197 673 σχέτλια,

132 699 264 775 catera),
286 693 395 761 sedin
416 697 523 760 uentre
544 697 577 758 et
596 692 746 775 pudendis
769 711 840 756 aum
860 692 1028 774 voluptatis
1049 693 1198 776 originem

131 802 288 884 posuisse;
337 801 501 884 scripserat
529 799 731 863 Plutarchus:
779 797 877 864 Πᾶσα
901 795 966 886 γαρ
989 790 1098 881 ἡδονή
1120 799 1200 880 περὶ

132 910 332 994 γαστέρα,
349 900 351 904 ’
368 907 481 971 πὺσα
504 898 725 989 δ’σῖλγιγθσίν
747 903 844 986 περί
867 899 983 986 ἄρθρα
1008 907 1063 968 aab
1086 904 1198 986 ’νιὺρα

132 1043 159 1080 ιι.
179 1041 209 1080 τ.
228 1017 270 1091 λ.,
288 1013 348 1078 etsi
358 1011 466 1095 potest
479 1011 572 1076 etiam
588 1011 659 1094 post
669 1011 814 1097 γαστέρα
831 1005 985 1070 addidisse
1003 1012 1057 1074 ιιαί
1078 1010 1202 1074 uidete.

132 1119 223 1202 Apud
250 1117 382 1185 eundem
410 1117 443 1180 in
465 1116 529 1181 vita
561 1117 694 1200 Lycurgi
724 1135 749 1182 c.
785 1117 827 1180 30
854 1116 1018 1182 scribitur:
1063 1109 1202 1197 Ἀλλήι

132 1225 321 1310 πειθαρχία
340 1285 343 1290 ,
352 1218 505 1308 μάθημα
528 1225 594 1304 μέν
606 1227 707 1287 ,ἐστιν
737 1219 900 1308 ἄρχοντος
926 1227 1073 1306 (ἐμποιεῖ
1096 1217 1201 1309 γιίρὸ

133 1332 242 1404 καλῶς
274 1327 367 1416 σ’ίγων
395 1325 434 1394 τέ
466 1329 574 1400 καλῶς
604 1336 752 1394 ἕπεσθαι
780 1353 807 1393 ιι.
831 1355 859 1394 τ.
889 1333 941 1410 L).
991 1329 1071 1394 Mire
1091 1347 1148 1411 per
1169 1345 1207 1393 se

132 1437 308 1502 obedientia
341 1435 538 1518 imperantis
552 1433 650 1499 virtue
677 1435 814 1517 ponitur,
847 1456 913 1520 qnae
934 1437 1056 1502 videtur
1075 1435 1203 1517 imperio

133 1543 260 1620 subditi,
266 1543 391 1606 etmira
403 1540 498 1606 etism
509 1539 670 1604 subiicitur
681 1541 771 1618 ratio,
785 1561 838 1606 cnr
854 1542 1060 1608 obedientiam
1071 1542 1208 1622 impera--

133 1653 178 1714 tor
199 1648 349 1713 discat.
397 1645 459 1711 Sed
480 1643 780 1730 argumentationem
802 1663 1028 1730 supervacuam·
1046 1645 1122 1710 facit
1144 1665 1205 1709 una

133 1749 292 1839 particula
319 1756 400 1837 μέν,
434 1752 566 1818 ultorum
597 1752 771 1818 membrum
810 1751 979 1820 desiderari
1019 1749 1208 1828 ostendens3¹

135 1857 312 1924 huiusmodi
339 1858 422 1924 enim
451 1857 510 1922 fuit
537 1857 693 1922 sententia
722 1859 754 1922 et
775 1859 870 1924 oratio
891 1857 1064 1926 Plutarchi:
1108 1849 1203 1922 'Ara’

135 1959 156 2048 ἦ
170 1963 359 2048 πειθαρχία
371 1958 524 2048 μάθημα
538 1967 603 2044 μέν
623 1969 717 2029 ἐστιν
738 1958 761 2028 α’
767 1989 785 2048 ρ
794 1968 896 2050 χσμέ
904 1989 995 2038 νου,
1019 1963 1200 2048 δίδαγμα

137 2063 164 2135 δ’
178 2067 356 2156 ἄρχοντος.
403 2067 491 2132 Idem
503 2068 589 2148 (nam
608 2069 640 2132 in
654 2069 808 2134 latissima
827 2069 947 2152 patenti
960 2069 1071 2134 enoris
1091 2086 1208 2151 genere

138 2177 167 2239 ct
185 2177 225 2240 ad
248 2173 437 2240 sententiam
463 2173 605 2256 pergravi
633 2174 666 2238 et
686 2174 855 2257 saepissime
882 2173 1003 2239 fallenti
1031 2173 1128 2238 tribus
1151 2191 1207 2238 ex·

138 2281 244 2363 amplis
266 2281 358 2344 unius
388 2277 547 2360 scriptoris
568 2277 615 2342 uti
636 2279 748 2360 placet,
773 2283 875 2345 catera
897 2279 973 2345 alibi
992 2279 1133 2364 ponenda
1154 2297 1207 2344 ra·-

135 2383 390 2469 linquere)‚idem
410 2383 506 2467 igitur
525 2383 558 2448 in
580 2383 645 2448 vita
656 2383 808 2450 Coriolani
820 2405 845 2454 c.
858 2390 876 2447 4
889 2405 960 2450 σου
982 2384 1020 2449 do
1042 2383 1209 2450 Coriolano

137 2510 255 2575 semper
273 2491 359 2556 novis
379 2489 454 2554 bebi
464 2487 625 2553 decoribus
635 2475 737 2572 priora
748 2492 912 2572 superante
924 2491 956 2554 et
976 2489 1015 2554 de
1039 2491 1208 2572 imperato·-¹

135 2599 216 2662 ribus
238 2597 272 2662 in
294 2615 331 2663 ao
352 2594 488 2660 ornando
511 2594 700 2659 certantibus
711 2595 756 2659 sic
778 2595 968 2678 scripsisset:
1013 2593 1131 2668 aornos
1147 2590 1203 2661 o'ai

135 2694 350 2786 βουλόμενος
385 2699 473 2765 εἶναι
505 2711 581 2771 ταῖς
616 2693 779 2792 πράξεσιν
815 2695 999 2785 α’ριστοίαις
1028 2695 1206 2786 α’ριστείας

137 2811 286 2894 συνῆπτε
315 2808 369 2872 καὶ
398 2799 531 2890 λάφυρα
563 2801 727 2892 λαφύροις
758 2806 900 2892 ἐπέφερε
929 2811 983 2872 καί
1012 2819 1087 2878 τοῖς
1117 2831 1207 2889 προ-

136 2917 242 2999 τέροις
286 2907 339 2980 risi
378 2906 460 2984 τοὺς
501 2905 664 2996 ὑστέρους
701 2906 876 3000 ἡγεμόνας
918 2911 984 2999 εἶχε
1024 2917 1103 2998 περὶ
1143 2914 1204 2995 τῆς

135 3020 266 3086 ἐκείνου
309 3019 425 3104 τιμῆςὶ
459 3019 631 3102 ἐρίζοντας
674 3021 729 3085 καί
773 3020 965 3104 μαρτυρίας
1009 3010 1203 3083 σπουδαί-

137 3133 284 3205 ζοντας
323 3125 589 3210 μαρτυρίαις
638 3119 900 3210 ὑπερβαλέσθαι
949 3127 1003 3189 aut
1047 3123 1204 3190 simillimo

138 3236 186 3307 (-
207 3251 282 3296 nam
306 3231 491 3314 ζητοῦντας
512 3213 672 3314 scripsisse
693 3232 796 3314 potest
813 3233 845 3296 et
859 3231 952 3296 uerba
968 3231 1012 3296 sic
1029 3230 1208 3297 ordinasse:

136 3339 342 3421 μαρτυρίαις
364 3361 420 3404 cra.
443 3337 635 3420 μαρτυρίας
656 3344 721 3414 μν),
742 3335 866 3402 omissis
889 3329 1005 3401 duabus
1027 3337 1151 3400 vocibus
1173 3339 1205 3401 eb

138 3443 291 3515 sententia
322 3444 488 3527 depravata
515 3444 565 3506 est
591 3441 806 3524 (nequeenim
829 3442 867 3506 dc
895 3439 1081 3506 testimoniis
1113 3461 1209 3525 supe-

137 3549 395 3614 randisnniverac
414 3549 527 3632 agitur)
550 3547 583 3612 at
603 3547 772 3623 structum
795 3565 867 3610 nam
888 3563 986 3628 neque
1009 3540 1203 3630 ὑπιρβαλιᾈ

140 3663 232 3734 σθαι,
256 3655 338 3720 unde
359 3653 503 3735 pendeat,
524 3653 737 3734 babet'ncque
760 3649 866 3717 Graece
889 3650 1001 3714 dicitur
1017 3652 1111 3735 ἐρίζοι
1124 3655 1201 3736 περὶ

140 3754 285 3846 Μοίρκου
306 3759 487 3844 τιμῆσκαὶ
511 3753 770 3842 ὑπερβαλέσθαι
793 3757 993 3842 μαρτυρίας.
1043 3757 1208 3824 Addamus

139 3887 217 3933 nunc
237 3865 405 3932 Plutarcho
428 3865 608 3948 scriptorem
629 3863 756 3929 maioris
779 3866 811 3928 at
832 3862 1027 3945 antiquitatis
1049 3864 1082 3926 et
1102 3863 1207 3947 digni-

138 3973 228 4052 tatis,
261 3971 471 4046 Herodotum,
504 3970 591 4034 cuius
619 3969 720 4047 locus,
753 3970 805 4054 qui
835 3969 884 4033 est
902 3969 935 4032 in
950 3965 1033 4054 ¹libro
1055 3968 1071 4031 Ι
1093 3987 1118 4032 ο.
1143 3968 1202 4028 167

138 4077 245 4153 initio,
277 4093 353 4158 quas
381 4077 512 4154 habeat,
548 4074 792 4158 obeliscorum,
825 4073 1023 4140 difficultates
1053 4091 1209 4156 quamqna
