2954 4664
292 257 351 322 190
728 252 789 312 Lib.
810 256 848 311 11.

248 454 330 538 apud
349 454 531 540 AEsohylum
554 454 667 540 Agam.
691 452 766 516 620:
792 444 867 518 Οὐκ
901 445 975 518 ἔσθ’
998 445 1091 524 ὅπως
1113 452 1244 536 λέξαιμι
1271 447 1313 518 τοί

249 560 362 646 ψευδῆ
385 547 470 628 καλιί
490 565 495 640 Ι
514 562 579 638 Εἰς
600 555 664 626 τόν
685 552 798 626 ιταλιίκ
810 558 936 642 φίλοισι
950 558 1169 640 καρποῦσθαι
1181 550 1315 644 χρόνον,

251 671 283 734 et
312 667 448 750 Ohoeph.
480 667 573 747 1722,
595 658 669 733 Οὐκ
699 671 792 730 ἔστιν
819 660 913 738 ὅστις
939 658 1034 747 πλήν
1064 659 1139 738 ἑνός
1167 658 1314 749 κείραιτό

250 799 317 853 μιν,
340 771 422 857 apud
446 770 632 854 Sophoclem
655 772 723 838 OEd.
743 771 806 837 ool.
831 771 926 835 1172:
956 771 1011 836 καί
1034 769 1086 843 τίς
1111 764 1187 836 ποτ’
1211 777 1316 846 ἔστιν,

250 875 292 946 ὅν
312 872 343 966 γ’
366 872 428 965 ἐμοί
455 878 595 962 ψίξαιμί
616 903 647 944 τι
658 903 671 958 ,·
694 877 781 960 (nem
804 875 938 942 11111561
955 877 1039 942 reete
1060 875 1184 959 ponitur
1204 883 1317 964 ἐξαφι-

252 985 403 1070 στσίμηι
424 985 457 1050 in
478 983 627 1066 explenda
648 983 788 1050 oratione
809 980 984 1066 potentiali,
1002 975 1049 1048 cio
1069 972 1193 1068 τύχοις,
1227 983 1260 1048 et
1286 985 1318 1050 in

251 1090 383 1158 Philone.
418 1089 478 1152 695
502 1083 582 1174 παρ’
605 1078 631 1176 ᾦ
651 1081 903 1156 αἰιοκλαιίσεισα
932 1089 1004 1170 posi
1035 1087 1251 1172 imperfectum
1273 1079 1319 1174 ἦν

252 1198 335 1264 reete
367 1196 497 1262 refertur
529 1196 567 1260 ed
601 1201 701 1282 ἔχων,
733 1194 921 1278 ‚respondens
954 1194 1025 1258 huio
1051 1194 1143 1260 reotae
1173 1193 1319 1260 orationis

254 1301 415 1386 praesentis
436 1302 584 1384 temporis
605 1302 724 1367 formae:
749 1295 811 1368 οὐκ
834 1305 912 1387 ἔχει,
940 1293 1021 1384 παρ’
1043 1287 1070 1386 ᾦ
1093 1293 1319 1390 α’ποκλαιίσῃ),

254 1407 335 1492 apud
364 1407 541 1490 Emipidem
570 1408 639 1474 Alo.
674 1409 731 1472 52:
761 1400 827 1474 ἔστ’
856 1399 922 1474 οὖκ
943 1402 1035 1480 ὅπως
1050 1403 1237 1493 ’Ἄλκηστις
1270 1413 1321 1480 εἰς

254 1516 361 1602 γῆρας
385 1506 507 1596 μόλοις
529 1515 561 1579 et
585 1515 658 1579 117:
682 1506 757 1580 ἔσθ’
778 1510 858 1580 όιισι
874 1537 925 1586 τις
941 1513 1094 1586 στείλας.
1108 1561 1117 1580 .
1131 1559 1138 1576 ·
1152 1509 1321 1581 δυστάνου

255 1615 449 1706 sanniones
488 1613 623 1704 κοσμίοις
661 1619 742 1702 apud
777 1619 1016 1702 Alistophenem
1048 1620 1081 1684 in
1116 1639 1200 1704 vesp.
1241 1622 1319 1684 471:

256 1720 331 1795 ἔσθ’
368 1722 462 1799 ὅπως
494 1721 579 1791 σίκιο
615 1719 728 1812 μα’χης
762 1725 815 1790 καί
850 1724 911 1810 τῆς
947 1724 1121 1800 κατοξείας
1152 1727 1241 1810 βοῆς
1261 1719 1323 1797 Ἐς

257 1828 379 1921 λόγους
418 1834 585 1916 ἔλθοιμεν
614 1823 790 1916 α’λλήλοισι
823 1832 878 1896 καί
906 1823 1109 1918 διαλλαμόςς
1141 1845 1226 1906 (nam
1255 1851 1322 1897 ren.

256 1941 296 2004 96
318 1935 410 2012 ὅστις
433 1984 441 2003 .
466 1986 473 2000 .
498 1985 504 1999 .
528 1932 624 2003 lituos
647 1938 746 2019 explet
768 1936 954 2002 sententiam
982 1937 1199 2020 potentialem:
1227 1931 1323 2025 μόνι-

256 2071 325 2132 μον
348 2046 383 2111 δὲ
398 2038 547 2129 ιιοιητήκ
569 2037 613 2109 olo
626 2035 686 2129 οὐχ
701 2038 815 2126 εὕροις
831 2050 879 2108 ἔτι
895 2043 1021 2127 Ζητῶν
1034 2037 1091 2117 σίν,
1107 2039 1199 2116 ὅστις
1212 2093 1220 2110 .
1232 2045 1324 2124 ...1.1)

260 2153 306 2218 Ex
326 2151 375 2218 his
403 2151 485 2234 quod
519 2150 550 2214 in
581 2149 685 2232 Eurip.
715 2149 784 2216 Ale.
809 2149 866 2210 111
901 2149 993 2214 seribi
1021 2149 1178 2234 volueram
1198 2173 1325 2236 ,σαρα-

260 2252 366 2337 λιίσοι,
388 2275 484 2340 nuper
494 2256 681 2339 praeeeptnm
692 2251 971 2330 videoaNauoki03
994 2254 1076 2336 apud
1086 2255 1326 2338 Aristophanem

258 2365 453 2434 Hermannus
480 2378 534 2442 pro
565 2357 650 2426 ἄνευ
676 2361 769 2428 soribi
794 2360 891 2428 voluit
910 2353 955 2426 ἄν
982 2365 1017 2426 ἐκ
1038 2353 1164 2446 μάχης,
1193 2361 1270 2426 mihi
1293 2362 1328 2426 in

260 2467 512 2536 mentemvenit:
528 2458 637 2534 ”Eoo'
658 2460 751 2540 ὅπως
772 2463 856 2534 ἄνια
874 2461 986 2553 μα’χης
1007 2462 1053 2533 σία
1075 2468 1130 2533 καί
1153 2465 1329 2542 κατοξείας

260 2577 358 2660 βοῆς,
388 2572 561 2656 omissoque
589 2592 662 2639 casu
689 2569 733 2638 ἄν
761 2573 900 2638 additum
928 2573 967 2640 ed
992 2592 1118 2640 versum
1144 2571 1329 2656 explendum

261 2679 325 2762 τῆς
368 2677 558 2760 paenam).
616 2680 651 2744 ln
670 2665 831 2763 ·AEsohyli
873 2681 986 2764 Agnm.
1031 2680 1092 2742 620
1134 2679 1330 2744 scribendum

261 2785 399 2852 videtur:
434 2777 515 2857 Oo'u
538 2771 615 2853 ἔσθ’
638 2781 731 2858 ὅπως
753 2787 883 2870 λέξαιμι
905 2781 947 2852 τοί
971 2785 1080 2872 ψευδῆ
1104 2777 1176 2850 κάλ’
1198 2782 1251 2851 ἄν.
1291 2787 1331 2850 In

263 2891 363 2974 OEdip.
405 2888 469 2954 001.
503 2911 533 2957 v.
570 2891 649 2952 1112
684 2892 769 2956 reete
787 2891 972 2981 'anekins
1005 2891 1162 2976 scripsisse
1194 2890 1331 2958 videtur:

264 3013 462 3022 -.—.—.—--

287 3061 505 3130 ¹)'1negioornm
536 3057 609 3111 locos
639 3057 730 3126 posuit
756 3058 828 3112 inter
852 3057 928 3125 elios,
955 3059 985 3112 in
1011 3057 1108 3128 quibus
1136 3053 1173 3114 ἄν
1202 3057 1333 3112 omissum

331 3151 492 3216 defenditur,
511 3149 633 3220 Krneger
650 3167 691 3219 gr.
712 3149 759 3206 Gr.
776 3151 814 3214 H,
834 3153 876 3217 54,
896 3155 921 3216 3,
940 3153 966 3208 8.
1003 3151 1088 3206 Recta
1105 3150 1191 3205 forme
1205 3167 1263 3220 qnoe
1282 3149 1336 3214 sit,

289 3294 292 3300 ,
336 3245 482 3302 ostendunt
503 3242 641 3314 Anistoph.
666 3259 708 3298 av.
733 3246 791 3310 628,
811 3243 967 3314 Xenophon.
992 3260 1035 3300 en.
1053 3244 1098 3312 11,
1124 3246 1149 3308 3,
1176 3245 1210 3300 23
1233 3243 1261 3296 et
1277 3241 1336 3296 elie

338 3337 459 3407 exempla
476 3335 619 3406 permulta.

294 3429 317 3500 ²)
335 3432 389 3488 Hie
405 3429 491 3498 igitur
508 3427 687 3494 Hermannns,
705 3429 737 3481 nt
755 3443 824 3498 saepe
843 3427 877 3482 ed
895 3443 986 3484 verum
996 3427 1150 3498 repiebatur
1160 3428 1337 3483 artificiorum

336 3523 452 3586 oblitus,
472 3521 650 3592 potentialem
671 3517 785 3574 formam
803 3503 954 3590 requisivit,
973 3519 1086 3576 abiectis
1110 3521 1154 3585 iis,
1174 3537 1232 3590 qne
1250 3519 1284 3575 ab
1302 3536 1337 3576 eo

335 3615 386 3671 elii
408 3611 564 3668 describunt
588 3611 620 3667 de
640 3613 760 3683 optativo
782 3611 854 3666 nudo
884 3613 912 3665 et
936 3612 993 3666 sine
1020 3613 1175 3670 condicione
1199 3614 1288 3684 posito
1306 3617 1339 3668 ei

336 3707 404 3766 elibi
420 3709 449 3764 et
466 3705 500 3760 ed
518 3703 685 3762 defendenda
703 3703 759 3760 haeo
776 3705 805 3760 in
815 3703 936 3759 Platonis
946 3705 1007 3778 Lys.
1018 3721 1044 3776 p.
1055 3708 1107 3762 214
1124 3707 1164 3762 D:
1183 3703 1198 3763 ὃ
1218 3707 1248 3762 δὲ
1266 3704 1340 3764 αὐτὸ

338 3794 414 3873 αὑτῷ
429 3795 566 3866 ἀνόμοιον
585 3797 627 3868 εἴη
643 3796 689 3852 καλ
717 3797 866 3868 διάφορον,
897 3802 980 3872 σχολῇ
1002 3798 1033 3869 γέ
1050 3819 1087 3870 τῳ
1111 3795 1183 3874 ἄλλοι
1202 3797 1340 3872 tentori]

260 3959 264 3964 1
339 3893 423 3962 φίλον
440 3889 557 3960 γένοιτο.
596 3889 641 3944 Sio
661 3889 734 3944 enim
753 3889 835 3966 etiem
855 3887 1106 3946 C.F.Hermennus
1124 3891 1219 3948 edidit.
1256 3892 1341 3949 Recte

337 3981 427 4039 editur
445 3982 554 4050 Proteg.
573 3998 600 4052 p·
611 3985 663 4040 330
675 3981 708 4048 D,
727 3981 854 4037 Phaedon.
864 4000 889 4054 p.
905 3984 956 4044 106
969 3983 1002 4048 D,
1016 4000 1049 4038 ne
1062 3984 1248 4056 Xenophontis
1257 4001 1341 4042 mem.

338 4075 393 4141 111,
412 4077 455 4139 14,
473 4075 498 4138 3,
516 4071 564 4137 IV,
582 4075 608 4138 4,
630 4075 666 4131 25
684 4090 893 4132 commemorem.
933 4074 1002 4144 (Sor.
1021 4073 1118 4146 ὅμοιον
1137 4073 1191 4146 ἄν.)
1244 4135 1247 4144 .
