3014 4666
303 321 363 388 208
598 367 601 372 ,
727 317 787 375 Lib.
803 319 842 376 11.

263 511 428 604 Asopoim’
450 514 576 585 ἄποινα
599 533 654 601 pro
676 509 839 602 λειμώνια
860 511 958 583 noina
983 515 1153 582 Hermanni
1182 516 1244 591 est3
1271 515 1325 580 sed

262 624 565 710 pammdefinitum,
587 623 651 692 uisi¹
668 619 854 708 adiungatur
874 614 994 708 μήλων
1024 621 1194 704 (pratensis
1221 619 1325 687 ovium

262 731 417 814 praemia);
456 729 579 814 μηνῶν
607 722 824 814 ,οἷνὴριθμομ
861 730 897 793 ut
925 728 1013 792 reete
1047 718 1184 805 ditatur,
1220 728 1326 791 tamen

263 836 466 920 tautologiam
503 835 597 900 habet
628 834 660 898 in
701 835 856 902 sententia
893 852 912 899 a
941 833 1029 918 longi
1058 832 1208 916 temporis
1239 851 1326 900 men-

262 943 347 1008 tione
367 941 540 1025 incipiente.
583 933 750 1024 Εὐνώμαι
772 959 827 1022 pro
849 937 994 1024 εὕνομαι
1016 937 1141 1024 Berglrii
1162 941 1218 1004 est.

363 1047 430 1113 lbd.
452 1047 527 1110 677:

362 1147 485 1237 Ἡμεῖς
507 1151 542 1218 dd
562 1153 644 1224 πῶς.
658 1133 700 1217 ori
721 1147 949 1240 γνωσᾴμεσθα
973 1161 1184 1235 supposito,-

365 1251 454 1345 Ἐγώ
478 1251 508 1325 δ’
530 1257 714 1342 ἐπίστιῑμαὶ
736 1253 801 1345 yoip
824 1252 947 1342 α’ρτίως
968 1251 1021 1322 ὅτι
1046 1280 1075 1319 ιι.
1099 1255 1129 1320 τ’.
1153 1257 1182 1320 λ.

259 1387 262 1396 ·
364 1365 462 1428 Reote
482 1382 541 1429 non
562 1364 666 1429 ferunt
687 1364 730 1440 δι’,
751 1382 810 1429 non
840 1363 939 1428 solum
967 1357 1020 1427 ob'
1034 1361 1069 1428 δὲ
1091 1363 1123 1426 et
1149 1354 1214 1448 γάρ
1235 1377 1328 1443 prave

267 1470 437 1549 ooniunota,
460 1469 514 1534 sed
535 1469 615 1553 quod
641 1471 708 1536 sola
729 1463 803 1556 γάρ
831 1467 983 1552 particula
1010 1472 1043 1533 et
1071 1467 1204 1550 simplex
1231 1485 1329 1532 oausae

266 1576 449 1662 significatio
477 1576 550 1659 apta
581 1577 639 1642 est.
699 1575 761 1641 Sed
790 1581 853 1641 una
879 1573 1002 1640 tantum
1033 1573 1141 1638 littera
1169 1571 1330 1654 mutanda.

260 1674 402 1770 ”⁸Eyory
428 1679 613 1764 ἐπίσταμαι
634 1675 701 1767 yoip
728 1675 867 1765 α’ρτίως,
891 1675 995 1746 ison.
1023 1705 1053 1744 a
1079 1681 1125 1744 λ.;
1161 1679 1226 1763 Ego
1247 1679 1330 1744 sorte

269 1779 515 1873 (supponebat
537 1787 601 1852 seio
624 1787 706 1852 enim
728 1807 763 1853 oe
764 1787 819 1866 t.¹)

369 1893 436 1960 lbd.
449 1893 511 1954 780
522 1912 588 1976 sqq.
600 1893 736 1970 nuntius,
753 1891 898 1975 expositis
917 1889 998 1973 apud
1013 1889 1210 1956 Tecmessam
1222 1889 1332 1954 Teucri

267 1998 433 2079 mandatis,
456 1997 503 2063 sio
523 1998 699 2063 orationem
713 1995 884 2062 concludit:

292 2297 295 2300 Ι
369 2213 498 2296 stipantes
512 2214 564 2293 ’με
587 2210 639 2275 uoi
662 2211 806 2294 φέροντα
828 2199 923 2274 aoiod'
945 2203 1126 2280 ἐπιστολαῖς
1171 2229 1174 2238 ’

374 2317 524 2400 Τεῦκρος
546 2309 749 2401 φυλάσσειν·
772 2319 803 2379 εἰ
826 2306 856 2379 d'
877 2306 1162 2400 α’πεστιρήμεθα,

369 2413 430 2490 ουίι
453 2430 545 2488 ἔστιν
566 2415 654 2506 dodo
677 2433 799 2496 κεῖνος,
822 2421 853 2485 εἰ
875 2413 1014 2506 Κάλχας
1036 2412 1149 2510 poprie.

368 2529 488 2593 Vitium
510 2530 559 2593 est
578 2529 610 2594 in
633 2519 922 2611 αἰιεσιιρήμιθα,
951 2526 1032 2609 quod
1058 2525 1102 2591 sio
1131 2522 1333 2600 emanarint

270 2633 412 2699 audiatur
438 2635 499 2718 τῆς
516 2634 681 2720 ’φυλακῆς
710 2631 773 2698 τοῦ
801 2635 968 2710 Αἴαντος,
999 2631 1096 2698 video.
1149 2629 1212 2696 Sed
1236 2645 1333 2711 neque

270 2739 394 2805 nunnus
422 2741 573 2806 custodire
605 2741 734 2806 Αἱιιιιιιιι
761 2739 893 2805 debebat
921 2755 1020 2820 neque
1050 2755 1085 2803 eo
1112 2738 1243 2802 retertur
1269 2755 1333 2820 φυ-

272 2839 428 2920 λάσσειν,
463 2845 518 2910 sed
550 2845 590 2911 ad
622 2844 787 2922 mandata;
826 2843 954 2910 Aiacem
985 2842 1152 2908 Toemessa
1183 2839 1335 2906 custodiro

272 2951 418 3026 debebat3
439 2969 497 3015 neo
517 2953 584 3016 tam
601 2951 686 3016 nude
708 2951 774 3015 sine
778 2949 937 3034 genetivo
965 2941 1113 3028 (τούτου)
1142 2935 1335 3031 α’πεστιρή-

272 3063 370 3143 petro
398 3055 459 3120 diei
485 3057 608 3174 poterat
635 3075 705 3135 neo,
736 3055 788 3138 qui
814 3073 876 3120 non
905 3055 1050 3121 custodit
1066 3055 1215 3146 aliquam,
1247 3046 1336 3118 ‹irco-

274 3175 440 3246 στερεῑιαι
461 3161 522 3246 τῆς
544 3161 705 3247 φυλακῆς.
748 3160 834 3228 1111111
846 3161 929 3226 ahud
941 3161 1041 3226 droere
1062 3160 1195 3225 nuntrus
1200 3159 1272 3241 apte
1282 3177 1337 3242 po

273 3270 365 3348 terat,
386 3268 447 3332 nisi
468 3270 573 3348 aotrrm
595 3286 661 3333 esse
678 3268 720 3332 de
742 3267 858 3349 Mace,
885 3268 912 3335 si
932 3267 998 3349 ipso
1019 3283 1086 3332 sero
1110 3263 1283 3339 advenerit,
1290 3264 1340 3333 ut

273 3375 362 3440 ille
353 3393 417 3439 ram
449 3373 564 3439 exierit.
612 3374 719 3439 Audeo
745 3374 847 3459 1311111
867 3371 999 3438 seribere
1033 3363 1125 3436 etd'
1159 3364 1339 3458 α’φιιστε-

159 3501 161 3512 ·
276 3474 466 3566 ρήμεθα,
500 3481 528 3544 si
565 3497 632 3546 sero
665 3479 790 3559 adveni,
837 3478 896 3544 etsi
939 3477 1001 3542 soio
1039 3470 1242 3563 ἄφυσιερεῑν
1278 3493 1340 3541 non

275 3583 403 3667 reperiri
425 3585 507 3666 apud
528 3585 691 3668 scriptores
715 3586 790 3651 ante
818 3582 998 3669 Polybium,
1018 3579 1109 3666 'apud
1137 3583 1218 3658 huno
1238 3583 1341 3648 autem

300 3861 327 3928 1)
346 3859 399 3916 llio
416 3875 520 3931 qnoque
538 3857 694 3912 Dindorflus
711 3853 836 3909 difficilia
862 3854 929 3926 (ἐγὼ
951 3854 993 3925 δὲ)
1010 3856 1120 3936 abiecit,
1139 3869 1236 3912 noram
1252 3867 1344 3908 uooem

348 3953 401 4008 elio
419 3953 476 4008 loeo
493 3949 667 4022 interposuit:
688 3949 836 4018 ἐπίσταμαι
858 3946 912 4019 γὰρ
931 3947 1034 4019 ἀρτίως
1056 3947 1157 4020 μαθὼν
1179 3945 1230 4004 ὅτι.
1266 3944 1344 4018 Seyf-

348 4045 446 4100 fortun
467 4042 581 4114 Ἔργοις
604 4041 753 4111 ἐπίσταμαι
789 4039 841 4112 γὰρ
873 4040 976 4112 ἀρτίως
1007 4039 1049 4098 ὅτι
1056 4082 1065 4108 ,
1096 4057 1177 4112 pravo
1204 4038 1346 4096 vorborum

350 4136 451 4194 ordine.
