3004 4676
658 313 716 367 Lib.
735 311 781 366 IV.
1150 310 1207 370 491

198 515 229 578 et
249 531 316 596 quae
344 512 447 594 paucis
478 511 615 576 versibus
639 512 708 592 pest
736 510 801 589 (24)
829 511 973 595 leguntur
1000 515 1031 575 et
1059 529 1085 576 e.
1109 509 1150 572 26
1174 511 1254 589 init,

142 687 145 698 ,
197 617 360 685 ostendunt
371 617 578 683 scribendum:
605 605 709 684 Οὗτοι
723 613 803 690 recle
819 609 947 699 νόμους
963 609 1009 681 σά
1024 619 1253 682 συνετέλεσαν.

295 723 362 788 Ibd.
386 724 424 784 25
447 725 538 788 extu:
577 715 637 787 ἐάν
667 723 699 788 δὲ
728 728 760 787 οἱ
787 715 950 809 δήμαρχοι
975 721 1025 808 μν)
1049 723 1252 806 συμφωνῶσι

197 825 282 914 πρὸς
303 823 490 912 άλλήλους,
523 822 629 913 κάριοι
665 828 750 894 εἶναι
784 825 845 893 τόν
877 822 943 894 άνά
965 835 1073 914 μέσον
1095 829 1254 910 κείμενον

195 931 244 1020 μδ
279 931 480 1002 κωλύεσθαι.
528 934 669 999 Ridicule
704 936 944 1018 interpretantur
980 933 1016 999 de
1052 933 1255 999 continuando

196 1041 391 1127 magistratu,
414 1042 520 1124 inqua
541 1059 574 1105 re
595 1041 680 1106 nulla
702 1045 768 1106 erat
790 1059 952 1106 consensus
975 1041 1169 1106 dissensusve
1189 1039 1254 1116 vis3

196 1147 234 1214 de
262 1147 449 1213 nominative
477 1141 612 1230 (κύριοι)
644 1149 752 1212 seloeee
780 1130 893 1213 tacent.
962 1145 1163 1211 scribendum
1190 1147 1252 1210 est:

197 1247 345 1338 κάριον
366 1251 452 1317 εἶναι
477 1247 520 1316 τό
542 1245 608 1317 α’νά
631 1279 668 1336 μ.
694 1279 721 1317 τ.
744 1279 780 1337 μ.
805 1279 850 1331 ea,
885 1275 947 1315 nen
977 1252 1134 1343 impediri,
1173 1251 1256 1335 qued

196 1369 310 1442 αφσττιν
331 1369 358 1420 ei
373 1359 566 1442 prepositum
588 1357 641 1432 ait,
670 1359 744 1442 quin
767 1369 869 1420 ratum
892 1359 937 1422 sil.
991 1347 1073 1422 Male
1101 1357 1254 1422 intellexit

195 1465 356 1541 Diodorus:
379 1463 459 1547 quod
479 1463 615 1548 legerat,
640 1463 671 1526 in
694 1463 832 1528 dissensu
854 1465 922 1546 plus
947 1445 1048 1528 valere
1069 1463 1254 1526 intercesso-

196 1589 272 1649 rem,
294 1571 394 1635 ratam
417 1585 483 1634 esse
504 1569 764 1634 intercessionem.

295 1674 362 1740 Ibd.
385 1675 425 1737 29
448 1675 504 1739 sub
530 1673 583 1738 fin.
617 1677 682 1756 cap.
705 1675 811 1740 serit}
849 1667 1037 1758 συμμάχων
1068 1677 1133 1759 μὲν
1166 1665 1255 1757 ἦσαν

197 1789 316 1866 ἔρημοι
338 1775 393 1848 διά
420 1774 482 1852 τάς
510 1775 615 1852 ἄλλας
642 1775 776 1855 πόλεις,
814 1786 851 1845 οἳ
877 1773 1053 1863 ὑπήκουον
1081 1781 1256 1861 Συρακου-

197 1887 294 1962 σιόις,
322 1889 431 1972 μέγαν
460 1877 490 1950 δ’
510 1879 623 1972 α’γώνα
657 1879 916 1969 συνεστήσαντο.
969 1886 1094 1970 (Vuigm
1132 1878 1186 1949 διά
1221 1883 1255 1947 δὲ
1319 1913 1322 1924 ·

197 1988 257 2065 τάς
280 1994 312 2057 et
334 1995 443 2078 μέγαν
467 1985 606 2079 α’γάνα.)
655 1993 832 2058 Trinaeium
855 1993 975 2066 urbem,
1004 1990 1160 2056 Trinaeies
1182 2008 1255 2054 cen·

195 2098 321 2164 finnitne
342 2098 493 2163 Diodorus
515 2117 569 2181 pre
590 2099 748 2178 Triocalis
770 2099 972 2164 Triocalinisl

261 2271 264 2286 ¹
295 2201 362 2268 lbd.
384 2204 440 2267 30:
463 2209 495 2268 οἱ
517 2197 665 2291 φυγάδες
686 2197 936 2288 οἷθροισθέντες
959 2205 1012 2269 καὶ
1036 2195 1256 2286 παραλαβόν-

196 2333 251 2381 τες
284 2304 364 2381 τοδε
395 2303 582 2392 Ἰλλυριόυς
613 2312 783 2376 ἔπλευσαν
817 2311 912 2396 κοινῇ
944 2303 1019 2393 μετ’
1053 2301 1165 2373 αὐτῶν
1199 2307 1255 2371 ἐπὶ

195 2411 260 2498 τήν
297 2408 532 2499 Ἐπίδαμνον·
575 2411 852 2500 στρατευσάντων
892 2417 926 2482 δὲ
964 2417 1031 2480 των
1068 2407 1256 2498 βαρβάρων

196 2521 306 2608 πολλῇ
335 2515 480 2605 δυνάμει
504 2548 533 2585 κ.
557 2549 587 2586 τ.
612 2525 641 2586 λ.
695 2523 826 2605 Reliqua
858 2521 992 2586 narratio
1023 2522 1105 2584 terra
1135 2517 1256 2582 venisse

196 2626 371 2711 Illyriorum
401 2628 569 2693 exercitum
596 2626 750 2702 ostendit;
783 2647 882 2710 neque
909 2644 958 2692 res
982 2627 1090 2690 effecta
1110 2625 1164 2690 ille
1186 2623 1255 2687 lece

196 2733 389 2812 (ἔπλευσαν)
420 2733 585 2816 significari
607 2733 724 2816 potest,
756 2752 823 2815 quae
851 2733 950 2796 verbis
979 2725 1257 2816 στρατευσάντων

197 2838 230 2903 δὲ
252 2863 281 2902 τ.
307 2840 342 2922 β.
366 2838 490 2902 demum
512 2837 710 2921 significatur.
768 2837 939 2920 Scripserat
960 2838 1126 2902 Diodorus:
1166 2838 1257 2900 ε’κέ-

197 2945 354 3008 λευσαν
376 2943 474 3032 κοινῇ
497 2935 573 3026 μετ’
595 2937 708 3008 αὐτῶν
736 2945 790 3008 ἐπὶ
813 2941 879 3026 τήν
900 2936 1118 3026 Ἐπίδαμνον
1141 2965 1256 3022 στρα-
1364 2979 1370 2997 ε

196 3042 358 3114 τεάειν·
390 3043 669 3133 στρατευσάντων
692 3049 726 3114 δὲ
753 3049 820 3113 τῶν
841 3034 945 3134 [tuest.
1002 3048 1124 3113 Omisse
1154 3071 1256 3130 στρα-

150 3175 155 3186 ·
196 3146 322 3232 τεάειν,
351 3154 429 3237 qued
450 3155 534 3219 idem
555 3154 682 3220 verbum
705 3155 902 3237 sequebatur,
932 3155 1086 3218 mutatum
1116 3156 1166 3217 est
1189 3157 1257 3217 ἐπ’·

196 3262 329 3326 λευοαν.

296 3365 361 3428 Ibd.
395 3365 436 3427 33
471 3368 563 3430 extr:
617 3358 818 3448 Ἀθηναίων
862 3370 1093 3449 ἐπιφανέντων
1135 3361 1255 3437 άλλαιρ

197 3473 299 3536 εἴκοσι
323 3473 463 3544 ναυσὶν,
485 3453 537 3542 'etc
561 3464 819 3535 άπεοτάλκεσαν
852 3477 887 3535 ἐν
920 3473 961 3558 τῇ
996 3471 1131 3552 δευτέρᾳ
1167 3494 1253 3552 συμ-

196 3578 310 3663 μαχίᾳ.
354 3575 469 3659 Opiner
488 3575 597 3640 inisse:
627 3583 662 3639 ἐν
685 3579 726 3663 τῇ
750 3579 886 3660 δευτέρα
915 3577 1121 3659 ἐκκλησία.
1172 3575 1253 3639 Nam

197 3684 255 3748 etsi
283 3683 457 3767 συμμαχία
490 3682 527 3745 de
559 3682 670 3747 auxilie
691 3683 786 3747 misso
814 3683 924 3747 dicitur
954 3681 1117 3751 internum,
1148 3682 1252 3744 tamen

196 3787 245 3850 vix
269 3787 408 3871 δευτέρα
430 3789 605 3874 συμμαχία
627 3789 746 3852 rectum
769 3789 816 3852 est
838 3789 892 3852 aut
913 3795 949 3852 ἐν
972 3787 1156 3870 συμμαχίᾳ.

296 3893 362 3959 lbd.
388 3895 427 3955 62
459 3896 548 3958 extu:
592 3886 777 3976 Ἀθηναῖοι
805 3898 870 3974 μὲν
898 3888 961 3977 γάρ
992 3897 1026 3957 ἐκ
1050 3895 1108 3975 τῆς
1132 3893 1257 3957 Λακω-

198 3998 293 4080 νικῆς
314 3990 526 4082 άμυνόμενοι
550 3995 629 4070 τούς
643 3993 861 4082 Σπαρτιάτας
883 3995 1058 4082 ἐκράτουν,
1083 3997 1256 4064 Λακεδαι-

196 4096 310 4185 μόνιοι
334 4103 367 4169 δὲ
395 4101 460 4188 τήν
489 4105 580 4171 ἰδίαν
611 4097 722 4190 χάραν
752 4114 883 4190 ε’χοντις
917 4111 951 4170 ἐκ
988 4105 1048 4187 τῆς
1083 4097 1256 4185 θαλάττης
