2994 4672
861 150 868 180 t

316 277 379 342 390
739 279 799 336 Lib.
817 279 870 336 ΠΙ.

274 472 312 544 τὸ
357 477 425 542 τῶν
463 471 628 562 α’νδρείων
668 479 722 552 καὶ
768 470 950 562 σωφρόνων
991 472 1189 564 ἀνθρώπων
1233 465 1341 563 ἦθος,

274 576 406 649 ὁπόταν
429 609 457 647 a.
490 610 519 650 τ.
554 588 582 651 λ.
637 585 736 666 Quam
751 619 754 626 ⁴
769 584 991 650 Stallbaumius
1023 587 1126 668 posuit
1156 585 1247 650 huius
1277 586 1342 650 loci

274 690 508 768 enarrationem,
542 692 575 758 in
604 709 665 776 qua
700 691 897 756 Hormannns
929 691 1097 780 acquievit,
1130 692 1179 782 in·
1199 709 1236 762 aa
1270 690 1342 772 ipse

275 785 480 874 „structuram
515 793 678 862 verborum
708 796 872 860 admodum
898 795 1057 862 difficilem
1084 799 1123 864 ct
1154 795 1342 878 impeditam

274 905 361 966 esse“
383 919 444 966 ιιοιι
459 901 616 978 diffitetur,
640 891 865 984 „audaciusque
886 905 917 966 et
938 897 1130 970 insolentius.
1147 902 1338 987 hyperbaton

271 1006 408 1084 inesse;“
436 1027 492 1091 ege
521 1027 600 1092 nego
629 1011 683 1072 ant
706 1009 869 1073 Platonem
897 1009 952 1072 aut
982 1025 1167 1101 quemquam
1196 1007 1338 1073 Graecum

272 1113 366 1178 verba
379 1113 423 1180 sic
434 1113 618 1178 confundere
629 1133 663 1178 ac
673 1114 804 1178 miscere
820 1114 965 1196 potuisse.
998 1113 1202 1180 Rcdeundum
1217 1112 1343 1178 videtur

272 1219 312 1284 ad
333 1205 504 1285 ceterorum
524 1219 665 1285 codicum
688 1219 873 1302 scripturam
887 1219 1061 1287 coniectura
1074 1221 1195 1284 natam:
1224 1219 1343 1284 Τοῦτο·

273 1320 315 1408 δή
331 1325 425 1396 τέλος
436 1317 639 1408 ὑφάσματος
654 1317 870 1409 εὐθυπλοιιίᾳ
892 1329 1132 1410 ξυμπλανιν
1153 1325 1338 1410 γίγνεσθαι

273 1434 385 1516 φαμὲν
397 1433 573 1515 πολιτικῆς
594 1424 757 1516 πράξεως,
779 1426 817 1497 τό
840 1433 908 1498 τῶν
930 1458 958 1497 κ.
974 1458 1004 1498 c·
1020 1435 1066 1511 λ.,
1088 1433 1146 1496 hac
1167 1431 1342 1497 sententiat

272 1537 365 1604 Hunc
405 1538 506 1620 operis
548 1537 670 1602 tentorii
713 1537 807 1620 finam
847 1540 933 1603 recta
971 1523 1100 1604 textura
1142 1537 1338 1620 compactum

273 1644 354 1710 effici
377 1643 508 1712 dicimus
532 1643 631 1708 civilis
657 1643 797 1721 actionis,
820 1643 945 1708 fortium
975 1645 1008 1708 ct
1033 1644 1260 1709 moderatorum
1281 1643 1343 1708 h'o·

271 1749 390 1814 minum
427 1749 585 1853 ingenium
618 1769 778 1833 moresque
820 1750 884 1833 (qui
921 1749 1057 1816 existunt
1095 1751 1128 1814 et
1162 1767 1296 1833 apparea
1297 1749 1339 1828 t),

272 1873 342 1920 cum
365 1850 441 1920 cet.¹
443 1861 455 1932 )
565 1880 577 1906 ··

371 1957 493 2025 Philcb
499 1959 525 2038 ²)
547 1981 577 2044 p.
592 1961 682 2026 ltu:
705 1951 778 2035 πώὲ
798 1961 863 2050 yu'q
884 1953 992 2045 aanor}
1011 1986 1050 2047 γε
1070 1955 1180 2048 ηδονῇ
1202 1985 1253 2045 μη
1277 1952 1338 2046 οὐχ
1414 1975 1415 1986 ’

272 2058 477 2172 ὁμοιότατον
508 2091 554 2138 αν
585 2069 656 2152 eiq3
699 2069 748 2133 Ab
778 2087 836 2134 usu
857 2069 1001 2152 loquendi
1032 2086 1162 2151 prorsus
1195 2066 1344 2132 abhorret

270 2165 321 2256 aa}
345 2165 387 2237 οὐ
406 2190 466 2237 nou
487 2172 638 2272 Infinitive
660 2173 847 2249 adiunctum,
871 2175 978 2240 sedin
993 2172 1208 2257 interrogando
1230 2171 1269 2236 do
1291 2189 1342 2250 eo,¹

272 2278 355 2362 quod
384 2277 453 2342 fiori
483 2266 618 2361 possit,
632 2279 778 2363 positum
834 2279 1069 2360 (Stallbaumius
1101 2280 1145 2346 sic
1186 2277 1335 2358 defendit,

271 2384 360 2468 qnasi
380 2383 527 2467 scriptum
555 2385 611 2450 sit:
640 2387 712 2458 πῶς
740 2380 805 2471 γάρ
833 2382 983 2452 δυνατόν
1009 2379 1140 2472 ἦδιινήν
1168 2431 1175 2448 .
1206 2431 1213 2448 .
1242 2430 1251 2447 .
1283 2376 1338 2468 μή

271 2485 333 2576 οὐχ
354 2483 559 2572 ὁμοιότατον
581 2491 693 2569 εἶναι.)
736 2481 920 2557 Tollendum
941 2485 992 2578 μή
1014 2496 1122 2558 natum
1145 2510 1181 2556 01
1202 2513 1256 2576 νῃ.

372 2597 439 2661 ibn.
462 2615 490 2678 p.
516 2597 553 2657 13
580 2597 624 2660 A:
656 2593 739 2663 “Oct
769 2591 1034 2684 προσαγορεύεις
1070 2591 1156 2686 (τιν’τιν’
1186 2587 1338 2680 uacuatos

270 2697 353 2767 ὄντα
381 2704 491 2786 ἑτέρῳ,
525 2693 693 2787 φήσομεν,
723 2696 878 2790 ὀνόματι.
929 2705 1108 2790 Requiritur
1140 2711 1186 2769 ἕν.
1226 2700 1337 2784 Neque

297 2888 321 2958 ¹)
338 2889 435 2948 Paucis
453 2885 516 2944 ante
538 2887 666 2950 versibus,
695 2887 742 2942 ubi
767 2888 805 2942 sic
826 2889 964 2944 scribitur:
998 2888 1040 2944 Τὰ
1059 2888 1085 2944 δ’
1112 2887 1229 2957 ἀνδρεῖά
1247 2906 1277 2956 γε
1296 2877 1333 2942 αὖ

337 2981 408 3052 πρὸς
425 2979 475 3051 μὲν
497 2979 529 3036 τὸ
556 2981 665 3035 δίκαιον
689 2980 736 3034 καὶ
762 2979 876 3055 εὐλαβὲς
900 2981 1011 3039 ἐκείνων
1039 2969 1233 3050 ἐνδεέστεροι·
1255 2979 1286 3034 τὸ
1307 2969 1337 3034 (ι’Δ

319 3071 367 3129 (ἐν
389 3080 450 3137 ταῖς
474 3073 590 3141 πράξεσι
614 3071 645 3127 τὸ
669 3069 719 3141 μὲν
739 3075 930 3142 διαφερόντως
959 3076 1037 3144 ἴσχει,
1064 3073 1135 3130 nihil
1159 3075 1201 3128 est
1230 3070 1337 3126 certius.

336 3159 409 3222 ninii
426 3165 534 3226 indicio,
552 3164 668 3220 hominis
686 3165 811 3236 alioquin
823 3183 919 3237 parum
937 3167 1010 3222 acuti
1029 3167 1057 3221 et
1074 3163 1224 3237 prudentis,
1252 3161 1331 3220 iuri

335 3257 386 3328 μέν
402 3258 487 3312 latere
505 3255 666 3311 adiectivum
694 3251 860 3314 contrarium
875 3259 932 3314 illis
956 3259 988 3316 τὸ
1008 3259 1118 3336 δίκαιον
1137 3259 1184 3314 και
1208 3255 1332 3336 satiatio.

336 3349 417 3420 idque
434 3365 492 3405 esse
509 3349 616 3418 ἰταμόν.
660 3349 869 3408 Stallbanminm
895 3355 923 3408 et
947 3353 1129 3406 Hermannum
1153 3351 1183 3404 in
1206 3347 1257 3404 hcc
1274 3351 1334 3404 tam

335 3443 476 3513 perspicua
493 3441 671 3512 oppositionis
689 3442 773 3498 forma
790 3443 880 3500 audiri
899 3461 976 3516 posse
992 3445 1124 3520 iudicasse
1140 3443 1211 3512 πρός
1229 3444 1257 3496 et
1266 3457 1333 3510 con--

334 3535 417 3590 trane
440 3535 504 3605 poni
531 3533 562 3590 τὸ
593 3537 701 3589 δίκαιον
732 3538 760 3589 ct
786 3535 818 3591 τὸ
847 3536 876 3590 ἐν
903 3543 965 3600 ταῖς
993 3535 1127 3606 πράξεσιν
1152 3535 1188 3589 m'
1205 3551 1250 3588 um
1279 3535 1328 3598 cst,

335 3627 422 3696 magis
440 3629 546 3690 mirum,
566 3625 638 3696 qnod
656 3625 688 3681 τὸ
706 3627 757 3694 μέν
775 3643 861 3682 errore
879 3631 944 3684 nata
960 3632 1101 3699 putarunt.
1137 3552 1235 3696 Quffli?

292 3717 316 3782 't
335 3719 369 3774 In
396 3721 446 3774 hoo
475 3717 584 3788 dialogo
612 3719 744 3796 orationis
772 3719 875 3776 duritia
901 3721 1173 3791 anacoluthorumqnc
1195 3719 1332 3774 »libertate

334 3811 629 3880 nemausumque
657 3827 717 3875 noo,
745 3814 777 3866 ut
805 3813 873 3870 mnus
900 3813 1020 3878 vinam,
1051 3793 1114 3869 tota
1136 3813 1329 3882 compostum

334 3904 525 3988 notionnmque
543 3905 572 3958 et
589 3905 808 3972 argumentorum
825 3907 986 3962 tractatione
1003 3907 1075 3961 inter
1100 3907 1216 3976 optimos
1233 3920 1327 3959 nume·

332 3979 415 4050 raudo
432 3995 534 4050 codices
552 4012 606 4050 non
624 4011 708 4066 pauca
726 3996 820 4066 gravia
837 3999 865 4052 et
882 3999 995 4069 antiqua
1007 4000 1080 4054 vitia
1087 3999 1196 4063 habent,
1214 4013 1329 4067 quorum

332 4087 419 4141 multa
436 4088 558 4142 incurata
575 4089 665 4143 iacent
684 4088 870 4159 iacebuntqnc.
