2954 4664
623 307 685 364 Lib.
703 311 725 360 1.
1099 303 1157 368 181

142 528 174 574 so
189 527 311 592 sperare
321 507 456 574 reditum
468 505 528 572 sibi
538 505 577 571 nb
590 503 733 586 Apolline
745 504 852 572 datum
867 505 1112 588 promissumque
1124 521 1200 570 esse.

142 613 261 679 domuit
282 615 378 700 igitur
398 615 464 679 totu
486 603 629 688 defensio}
652 610 753 676 etiam
770 609 808 678 de
828 611 942 693 poetis3
961 629 1018 676 noc
1039 611 1200 695 quisquam

141 719 212 798 inm,
234 719 350 801 opinor,
372 717 525 784 dubitabit
540 716 622 799 npud
635 716 805 782 hocrctom
819 734 937 800 qnoque
949 715 989 780 od
1000 707 1199 786 Demouicum

139 824 212 907 §Q
235 824 289 890 ubi
301 823 416 890 editur:
439 820 559 907 ἤλπιζε
581 816 646 908 γαρ
669 814 776 888 αὐτόν
799 824 852 888 καὶ
877 822 955 906 περὶ
980 825 1014 888 ολ
1036 824 1198 907 γενέσθαι

138 928 306 1005 τοιουτου,
329 926 399 1001 οἷος
421 929 575 1014 καλπερὶ
600 928 748 1000 ἐκείνους
769 936 896 1014 γέγονε,
918 928 1081 994 restituere
1100 921 1199 1014 γενή-

140 1043 264 1102 σεσθαι
290 1054 345 1118 pro
373 1037 552 1122 γενέσθαι,
588 1035 624 1098 ut
654 1036 744 1118 paulo
773 1036 844 1100 ante
873 1033 954 1117 apud
974 1033 1142 1100 Diodorum
1169 1037 1200 1099 et

138 1144 317 1210 Strabonem
346 1140 449 1225 foci1).
503 1141 603 1218 (Idem
630 1159 727 1216 error,
763 1141 870 1206 eedem
898 1140 1042 1207 correctio
1062 1139 1200 1206 iaciendo

137 1248 295 1314 Plutarchi
314 1245 381 1312 Nic.
406 1265 433 1312 ο.
459 1247 524 1325 11.)
567 1246 615 1312 De
636 1243 674 1312 iic
696 1247 786 1323 locis,
818 1247 850 1312 in
873 1247 981 1330 quibus
1004 1246 1199 1329 προσδοκᾶν

137 1373 206 1419 cnm
241 1354 354 1420 coristo
390 1370 445 1435 pro
476 1351 579 1418 futuro
615 1351 808 1417 coniunctum
848 1351 997 1428 creditur,
1033 1351 1084 1416 rix
1122 1371 1197 1434 opus

140 1463 185 1524 est
228 1459 340 1534 dicere
389 1441 469 1522 adeo*
507 1463 585 1525 ,sune
627 1459 659 1522 et
705 1459 794 1540 pauci
838 1457 871 1522 in
913 1457 1034 1522 infinito
1076 1459 1198 1522 conton-

22 1595 23 1614 ÷
138 1567 251 1630 riorum
273 1563 471 1628 multitudine
494 1566 525 1629 et
555 1565 664 1630 erroris
693 1543 865 1638 ‘manifesti3
899 1581 972 1628 nam
997 1561 1029 1626 in
1051 1562 1196 1628 Isocratis

138 1672 212 1737 orat.
235 1671 273 1735 dc
295 1669 390 1736 antid.
412 1669 430 1752 ᾗ
452 1669 512 1732 312
534 1671 621 1736 recte
641 1689 722 1734 nunc
743 1689 779 1734 cr
802 1669 949 1736 Urbinote
971 1667 1072 1734 editur
1094 1662 1196 1754 γενή-

139 1783 259 1841 σεσθαι
278 1771 538 1860 προσεδόκησεν,
560 1775 634 1842 olim
649 1777 716 1842 eret
729 1781 903 1863 γενέσθαι,
925 1793 959 1840 eo
973 1773 1093 1851 mendo,
1115 1774 1197 1857 quod

137 1901 171 1947 er
187 1884 264 1948 orat
277 1881 317 1947 ed
328 1882 484 1947 Demonic.
506 1879 633 1958 sustuli;
655 1881 794 1946 restabat
810 1879 1034 1963 opudeundem
1045 1881 1195 1964 Panegyr.

137 1988 204 2071 §59
226 1981 422 2073 βιάσασθαι
445 1982 692 2071 προσδοκήσας,
714 1986 796 2068 apud
806 1987 917 2052 lsaeum
929 1985 985 2062 XI,
1008 1987 1046 2050 22
1071 1991 1196 2062 ἐξαπα-

136 2095 243 2178 τῆσαι,
255 2095 323 2160 brec
333 2094 707 2178 quoquenupercorrectu.
725 2091 948 2174 (Delmcopn.
960 2111 1025 2158 run.
1033 2091 1091 2154 901
1104 2111 1197 2174 supro

20 2257 23 2300 :
136 2200 333 2276 dictumest.)
362 2197 424 2264 Sed
434 2199 540 2264 tumen
561 2198 711 2279 superest,
733 2198 836 2280 inquo
848 2197 923 2264 oiim
944 2197 1020 2264 heesi
1042 2199 1194 2272 (Bemerlr.

20 2305 21 2372 Ῠ
134 2307 234 2388 pce),
255 2302 738 2388 AEschyliloeusindgem.6le:
766 2295 1195 2389 ΜενέλεωννσὶροῦνΠρώ·

133 2408 194 2478 τόν
210 2437 248 2476 τε
260 2409 316 2476 καὶ
328 2403 476 2495 μάλιστα
490 2402 660 2494 προσδόκα
678 2412 811 2494 μολεῖν.
855 2408 917 2476 Sed
926 2409 1008 2476 idem
1019 2411 1068 2476 hic
1080 2414 1195 2476 eeteros

134 2537 243 2602 meque
267 2515 387 2598 decepit
407 2514 628 2597 interpretandi
655 2534 754 2594 error,
786 2516 838 2599 qui
864 2517 897 2580 in
925 2516 1091 2600 Iphigeniae
1113 2515 1202 2594 rau-¹

20 2605 21 2634 ³
133 2624 203 2689 ricae
224 2623 304 2690 loco.
347 2621 429 2690 Nem
462 2620 488 2686 si
520 2622 642 2702 μολεῖν
673 2621 711 2686 de
742 2621 844 2688 futuro
872 2621 1007 2688 adventu
1033 2621 1193 2704 accipitur,

20 2741 21 2744 ’
134 2729 262 2794 mirifica
284 2727 381 2794 oritur
400 2725 433 2792 in
453 2725 599 2809 proximis
621 2727 806 2811 tcutologioz
830 2731 861 2792 σι’
885 2721 915 2792 δ’
932 2719 996 2794 οὖν
1009 2773 1016 2794 .
1031 2775 1038 2792 .
1053 2774 1074 2801 .,
1098 2727 1194 2800 ἐλπίς

134 2859 183 2908 τις
205 2827 313 2898 αὐτόν
335 2826 422 2915 πρός
443 2827 573 2916 δόμους
594 2828 688 2916 ἥξειν
710 2825 824 2899 πάλιν.
868 2833 977 2917 Itaque
998 2836 1129 2915 μολεῖν,
1159 2834 1195 2898 ut

20 2935 22 3022 ξ
132 2942 261 3022 oportet,
282 2938 472 3020 praeteritum
493 2941 616 3021 tempus
639 2938 793 3022 significet
814 2943 920 3022 estque
942 2941 1007 3006 baec
1025 2940 1193 3006 sententia:

20 3123 22 3144 ρ
134 3043 310 3110 Menelaum
331 3041 435 3126 igitur,
458 3043 495 3108 de
518 3062 577 3126 quo
602 3043 749 3126 queritis,
769 3043 904 3128 primum
926 3046 1116 3128 maximeque
1138 3045 1194 3110 nd·

20 3167 21 3170 ¹
133 3152 277 3214 venmssc
299 3147 371 3226 (iter
391 3147 451 3218 buc
472 3147 653 3227 tetendisse)
685 3149 795 3216 scitote
825 3153 857 3215 et
877 3152 910 3216 in
932 3151 988 3216 illa
1008 3153 1193 3234 tempestato

20 3281 22 3348 2
137 3255 247 3330 tricem
266 3254 294 3319 si
309 3253 405 3336 igitur
417 3251 490 3318 inde
505 3253 613 3332 evasit,
635 3257 777 3337 spesest,
799 3271 870 3322 eum
883 3255 1053 3322 rediturum
1069 3257 1194 3322 domum

134 3377 208 3426 esse.
253 3360 412 3424 Postremo
436 3357 498 3424 dixi
512 3358 587 3424 olim
601 3359 734 3428 fortasse
749 3361 954 3446 suspicionem
967 3361 1005 3426 de
1021 3363 1194 3451 exceptione

133 3466 247 3531 norisio
271 3462 352 3548 opud
372 3463 631 3532 vertunensem
653 3466 753 3534 dende
767 3467 911 3534 subnasci
931 3485 1028 3549 posse,
1052 3467 1106 3534 sed
1127 3485 1194 3534 eom

160 3658 184 3725 ¹)
197 3660 329 3716 Fortasse
347 3663 458 3718 carendi
477 3666 572 3720 erroris
591 3681 670 3720 consu
688 3665 742 3720 inm
757 3666 803 3720 hle
823 3666 997 3736 corrigendus
1014 3670 1056 3721 est
1073 3667 1196 3721 Plutonis

202 3751 327 3807 locusdc
344 3770 399 3824 rep.
419 3756 442 3810 V
460 3773 486 3826 p.
496 3759 548 3814 451
558 3757 590 3820 Α,
609 3757 662 3812 etsi
681 3757 721 3812 ibi
739 3774 816 3813 nemo
835 3757 914 3814 focile
932 3759 1078 3829 coniunget
1096 3759 1195 3826 ἐλπίζω

203 3845 343 3913 γενέσθαι.
380 3847 433 3929 ὃμᾶ
452 3847 648 3904 burbsmmest
667 3853 701 3904 ut
717 3851 787 3920 qnod
802 3853 927 3908 maxime:
960 3849 1059 3918 ἐλπίζω
1084 3851 1196 3908 ἔλαττον

166 3961 169 3970 ’
204 3933 354 4008 ἁμάρτημα
382 3939 472 4007 φονέα
501 3942 642 4012 γενέσθαι.
690 3943 799 3998 Excidit
823 3941 894 4000 olm
921 3948 984 4014 post
1006 3944 1113 4005 litteras
1130 3965 1196 4014 ημα,

206 4030 426 4102 scribendumque
453 4036 505 4088 est:
531 4033 630 4102 ἐλπίζω
656 4035 758 4102 (credo)
776 4034 829 4104 γὰρ
848 4031 898 4092 οὖν
917 4035 1029 4093 ἔλαττον
1047 4033 1197 4108 ἁμάρτημα

206 4118 275 4178 εἶναι
293 4125 430 4188 ἀκουσίως
447 4124 522 4190 τινὸς
540 4126 630 4195 φονεά
647 4128 777 4197 γενέσθαι
795 4123 812 4198 ἢ
832 4125 983 4186 ἀπατεῶνα
1000 4151 1026 4185 κ.
1044 4151 1067 4185 τ.
1084 4137 1109 4185 i..
