2954 4664
299 295 359 360 106
738 298 800 354 Lib.
818 299 840 360 1.
915 311 917 318 ’

254 493 403 576 mendum
434 513 533 579 neque
570 513 637 578 qua
665 477 817 578 euueetio
849 493 1042 572 adhibenda,
1075 495 1153 560 seire
1168 508 1171 517 ·
1186 494 1318 577 pussant.

254 597 344 664 Nune
364 598 457 666 andex
475 597 716 686 Medieleueusis
738 599 810 682 (A),
832 598 942 666 esteris
964 600 997 674 et
1017 601 1109 666 atate
1131 601 1163 664 et
1183 599 1320 664 bonitate

254 703 344 788 lenge
367 707 544 787 quautam,
580 706 633 788 qui
663 722 723 770 nau
753 691 872 781 eluta,
903 703 958 770 sei
990 704 1138 770 elerum
1170 703 1319 787 seriptum

254 809 363 888 habet,
385 809 533 884 Senecam
557 805 694 876 ostendit
715 809 903 896 sumpsisse·
927 809 1070 876 elerum
1091 827 1223 891 nemen,
1251 827 1320 875 no-

254 901 421 982 bilis'et
450 915 619 988 formosa
650 905 820 990 eouiu1,'
841 913 1001 980 librarium
1033 918 1138 980 autem
1170 933 1190 979 a
1220 915 1320 996 quiere

254 1019 372 1105 syllaba
402 1039 449 1085 no
482 1021 521 1084 ad
558 1021 689 1086 alteram
721 1020 916 1086 aberrantem
952 1020 1136 1086 vocabulum
1168 1019 1319 1086 omisisse.

254 1125 425 1208 Aptissima
441 1125 527 1197 iuter
548 1127 650 1204 uetere
670 1124 843 1193 maenum
865 1126 897 1189 et
918 1127 1044 1191 externa
1058 1125 1183 1198 elarites
1197 1125 1320 1209 generis

255 1227 455 1294 etueminis
462 1230 595 1313 punitur„
653 1233 655 1238 “

337 1335 464 1408 Plane
455 1354 519 1400 uam
540 1335 748 1420 perpurgatis
781 1355 859 1418 qua
870 1336 902 1400 in
924 1336 1078 1402 codicibus
1106 1279 1209 1419 posite
1235 1337 1319 1412 suut

253 1442 321 1504 tum
342 1459 415 1508 veno
441 1441 645 1508 retraetanda
663 1441 769 1506 emnia
795 1460 831 1506 ea
858 1441 1003 1508 umbonis
1031 1440 1280 1524 sententiaque
1271 1460 1319 1504 nu·

253 1543 341 1622 dieie,
365 1544 557 1627 quibusnam
578 1544 743 1610 inmunde
765 1547 919 1632 arguneudu
938 1567 1012 1612 usus
1034 1548 1092 1625 sis,
1121 1545 1319 1612 eonsiderau-

253 1649 386 1733 dumque
407 1663 467 1716 nen
492 1649 601 1727 sulum,
623 1649 698 1732 quid
714 1652 839 1733 respuat
858 1652 960 1730 luens,
988 1651 1045 1718 sed
1067 1652 1152 1736 quid·
1165 1650 1320 1716 desideret

253 1754 293 1832 aet·
311 1767 382 1822 eum
399 1755 560 1822 sententia
583 1756 615 1822 et
637 1757 814 1839 argumenti
835 1759 986 1836 tenerem,
1008 1759 1095 1824 euius
1115 1757 1245 1840 vestigia
1261 1759 1323 1822 su·'

253 1859 422 1940 persistet
443 1861 496 1944 qui
513 1861 755 1944 praecedentibus
778 1862 1094 1946 subsequentibusque
1116 1864 1187 1944 apte
1208 1861 1319 1926 adiun-

252 1965 353 2048 gatur,
377 1966 616 2032 continuandum
637 1969 669 2054 et
689 1968 921 2045 absolvendum,
942 1968 983 2032 ad
997 1967 1233 2052 grammauam
1249 1985 1320 2030 ora-

252 2069 343 2138 tionis
367 2073 552 2140 ιιιιιιιιιιιιιιιι
573 2093 653 2152 eam,
677 2093 744 2156 qua
767 2059 874 2153 exiis,
896 2091 964 2156 qua
986 2074 1108 2156 integra
1128 2061 1319 2150 manserunt,

251 2175 407 2256 pellueeet
428 2179 459 2242 et
478 2178 624 2266 antiquat,
644 2180 902 2262 persequendum,
924 2179 964 2259 ad
978 2179 1108 2244 formem
1122 2177 1320 2254 rhetoricam,

256 2297 323 2362 quae
345 2281 377 2346 iu
400 2283 551 2360 senueris
572 2284 695 2362 relatis,
719 2285 755 2350 in-
779 2285 932 2352 adscensu
952 2284 1008 2349 eut
1028 2283 1088 2348 atie
1108 2282 1200 2350 mede
1223 2301 1320 2365 appa-

253 2387 330 2462 reat,
344 2387 571 2468 inficiendum,
594 2391 634 2456 aet
648 2390 809 2456 verberum
823 2391 957 2456 aeleram
969 2389 1180 2478 imaginemus
1191 2377 1320 2466 'saniem

255 2494 510 2574 quamproxime
537 2495 687 2574 habeant,
723 2495 975 2572 conservandam,
1003 2495 1094 2577 atque
1119 2494 1185 2568 haee
1214 2493 1321 2558 emnia

255 2613 324 2668 eum
347 2597 487 2664 eedieum
502 2601 651 2685 ¹'vestigiis
680 2601 804 2668 nudatis
826 2603 863 2666 at·
881 2601 1022 2666 emunata
1043 2599 1190 2682 inspeetis
1215 2597 1320 2664 eonte-

252 2702 365 2794 renda,
397 2705 479 2786 apud
514 2707 620 2796 poeta
654 2706 794 2772 adbibita
822 2711 931 2772 versus
963 2706 1032 2791 lege
1066 2708 1098 2788 et
1129 2706 1224 2770 eertu‘
1246 2703 1320 2770 fine.

252 2803 412 2874 Efficiatur
439 2810 525 2899 enim.
551 2811 763 2894 saepesimiie
790 2811 906 2894 aliquid
931 2831 1055 2894 prorsus
1084 2807 1322 2878 matbematied-

252 2929 322 2979 num
338 2913 493 2994 'termetis
514 2935 585 2988 enm
605 2917 715 2995 iniis,
738 2937 813 3000 quas
835 2901 1023 3000 aquationes
1044 2911 1212 2999 appellant,
1230 2925 1322 2996 'qua-

253 3019 341 3097 n'tun,
364 3021 437 3102 quid
455 3033 551 3090 unum
574 3022 801 3094 eeudieien'ibus
830 3023 966 3105 nudique
994 3019 1169 3088 mistttutis
1185 3039 1322 3102 renuen-

254 3125 341 3201 deet;
365 3127 519 3208 quemodo
545 3127 619 3192 elim
647 3133 764 3212 (oquae.
792 3129 931 3196 eoadem:
950 3129 966 3192 1
986 3147 1017 3210 p.
1039 3129 1113 3206 486)
1142 3125 1322 3212 intinere-

253 3232 301 3298 uis
324 3233 459 3300 eratione
479 3251 535 3314 pne
557 3231 659 3311 Sestie
680 3233 742 3298 104
768 3233 890 3304 ostendi
912 3233 947 3302 'iu
968 3223 1085 3304 vlitteris
1106 3217 1322 3308 malexatur

253 3337 427 3424 neeessaniu
457 3337 583 3406 subesse
613 3357 750 3420 psaesens
776 3337 936 3406 indieetivi
963 3339 1089 3420 tempus
1114 3337 1200 3402 verbi
1228 3336 1321 3417 dequ-

252 3443 353 3512 uentis
385 3441 492 3524 primae
528 3443 749 3527 coniugationis
780 3430 813 3507 in
845 3455 909 3507 xor
940 3442 1093 3519 exeuntis
1123 3443 1260 3508 studium
1288 3444 1322 3506 et

253 3563 400 3616 amorem
414 3547 634 3632 signifieentis3
667 3551 699 3616 id
726 3567 795 3616 esse
819 3544 1321 3650 amplexatur.Sedh'oe1n-

250 3649 474 3746 Qteresttque'd
496 3653 576 3736 apud¹
598 3673 775 3738 nosseque
797 3657 864 3732 ta'm
886 3652 978 3720 sertis
1004 3645 1147 3718 terminis
1178 3652 1321 3735 notisque

253 3747 461 3822 circumseribi
481 3757 523 3856 ιιι,
547 3761 625 3844 quoti
648 3761 757 3844 quaerit
757 3779 803 3838 ur,
825 3759 929 3842 potest
949 3777 1057 3842 neque
1078 3753 1114 3822 ut
1134 3760 1245 3842 praesta
1267 3757 1320 3836 sit,
1384 3811 1388 3820 .

253 3863 425 3928 necessarie
453 3845 537 3949 eegi
574 3865 653 3947 quod
680 3866 761 3948 apud
792 3865 862 3930 illes
888 3865 940 3956 fit,
975 3865 1002 3929 si
1033 3861 1118 3948 teate
1151 3863 1321 3928 constituta

252 3969 384 4054 aquatio
407 3973 465 4036 est.
511 3969 593 4046 Nam
618 3989 699 4054 sape
722 3971 842 4038 animus
864 3972 994 4038 autnon
1015 3955 1047 4036 iu
1063 3971 1179 4036 rectam
1198 3971 1320 4054 partem

253 4075 414 4158 quaerente
435 4075 605 4142 intenditur
626 4077 680 4140 aut
699 4076 822 4154 inuidit,
835 4079 906 4150 ιιι
927 4073 1081 4144 mametis
1097 4075 1220 4140 ιιιιιιιιιι
1242 4075 1320 4140 defi-
