3014 4666
636 285 697 341 Lib.
715 285 754 342 II.
1131 283 1191 346 229

169 491 263 564 estc
286 496 373 555 east
402 487 483 566 (mc.
506 485 569 552 con.
592 484 664 562 erc,
691 483 760 550 (uo.
782 503 807 547 r.
828 484 879 561 90,
903 485 975 562 cru,
998 465 1110 564 1146),
1133 483 1234 566 scrip-

169 597 244 663 sisse
265 615 324 660 nou
346 594 475 660 affirmo.
816 599 821 607 '
1113 631 1116 638 -

267 700 335 766 Ibd.
358 698 430 776 910,
453 697 530 761 911:

302 798 390 889 αὐτή
412 797 475 869 τόν
497 797 606 885 αὐτῆς
628 793 763 884 don'poo'
785 793 1049 885 α’νακαλουμένη

303 913 357 978 καὶ
379 907 441 981 τοὶς
464 905 615 979 ἄπαιδας
638 912 671 980 ἐς
692 901 730 972 τό
754 899 877 972 noento
899 899 1032 979 cor'ur'cc:
1133 961 1136 968 .

168 1019 311 1084 Alterum
332 1034 456 1082 versum
477 1011 636 1078 Ncuckius
659 1011 795 1078 nondum
817 1012 1016 1078 emendatum
1039 1005 1126 1090 dicit,
1148 1011 1233 1087 iure;

167 1144 224 1190 nec
244 1124 351 1188 tamen
371 1121 417 1186 ita
446 1117 631 1202 profundum
662 1119 711 1182 cst
738 1117 868 1192 vulnus,
900 1119 936 1184 ut
964 1118 1065 1184 sanari
1086 1118 1233 1200 nequeat

168 1231 250 1296 Nam
272 1222 391 1299 οὐσίας
415 1224 541 1308 (plurali
564 1240 709 1300 numero,
731 1241 790 1304 quc
813 1242 872 1288 uon
894 1223 958 1287 fere
981 1222 1093 1287 dicitur
1114 1221 1234 1306 vulgari

169 1334 358 1420 significatu)
389 1331 554 1414 Sophocles
585 1328 662 1392 dixit
691 1328 725 1392 in
758 1328 824 1394 vitu
858 1327 1130 1420 commorationem
1165 1326 1233 1404 (das

168 1439 313 1516 Dcseiu);
350 1457 401 1502 eus
429 1435 574 1501 Deianira
600 1432 823 1515 uppeilatnou
854 1451 927 1498 sano
963 1430 1131 1506 ἄπαιδας,
1166 1432 1231 1508 sed,

169 1543 248 1628 quud
269 1541 433 1624 impudens
455 1541 484 1605 ei
505 1537 626 1604 videtur
646 1539 718 1619 post
739 1557 785 1614 ec,
807 1557 873 1620 quac
896 1539 1093 1622 perpetravit,
1115 1537 1146 1604 iu
1168 1535 1234 1602 rita

169 1667 303 1722 manere,
327 1643 480 1729 querendo
501 1643 674 1730 ingeminat
694 1639 756 1710 τόν
781 1637 890 1728 αὐτῆς
912 1643 1060 1728 δαίμονα

323 1752 379 1816 καλ
403 1746 465 1822 τοίς
487 1743 681 1822 decertate
702 1755 736 1823 ἐς
760 1744 799 1816 τό
824 1747 948 1818 λοιπόν
969 1745 1098 1822 οὐσίας.
1165 1807 1170 1816 ,

169 1858 354 1939 (Dindorfius
372 1874 495 1922 versum
510 1854 678 1919 absurdum
694 1856 727 1919 in
741 1857 867 1922 modum
885 1857 1103 1942 interpolatum
1126 1851 1235 1919 scribit

169 1968 224 2030 aut
243 1967 344 2032 totum
366 1961 405 2027 ab
418 1960 637 2043 interpolatore
652 1961 825 2037 centetum,
847 1981 1039 2028 cumrerum
1062 1959 1233 2032 excidisset,

170 2089 229 2155 quo
261 2070 356 2134 verba
388 2061 451 2132 τόν
476 2059 593 2149 αὐτῆς
624 2065 772 2150 δαίμονα
808 2068 980 2134 accuratius
1023 2065 1232 2133 definirentur.

170 2176 204 2242 Si
223 2172 424 2240 intercideret
441 2189 532 2237 verus
546 2189 662 2245 versus,
685 2174 830 2254 curquis,
856 2193 926 2240 cum
947 2174 981 2242 id
1001 2171 1156 2258 ignoraret
1176 2185 1234 2234 nec

167 2281 331 2366 quicquam
343 2279 464 2344 omniuo
477 2277 712 2355 desideraretur,
734 2265 816 2342 hunc
828 2279 980 2344 subiecit?
1002 2280 1029 2346 si
1041 2277 1157 2350 aderat,
1179 2294 1231 2341 cur

167 2385 282 2454 delevit
305 2385 337 2450 et
357 2403 472 2449 norum
493 2383 674 2467 supposuit?
706 2383 781 2464 Quis
795 2385 827 2448 in
842 2383 954 2450 indicio
969 2387 1024 2450 aut
1044 2385 1077 2450 in
1098 2381 1230 2466 negotiis

167 2492 311 2579 gerendis
332 2490 408 2555 talia
428 2490 597 2574 fingentem
618 2507 677 2554 non
698 2487 882 2569 oderetur)

267 2599 305 2663 V.
328 2597 386 2658 981
411 2598 443 2661 ct
464 2595 525 2659 982
547 2595 711 2660 mirificam
733 2593 907 2676 excogitant
926 2594 1013 2660 verbi
1034 2597 1233 2680 ἐμμέμονον

168 2702 423 2790 significationem
445 2694 569 2766 etcum
590 2699 762 2764 accusativo
777 2699 1041 2780 coniunctionem,
1062 2719 1128 2784 quae
1150 2702 1232 2766 recte

167 2811 263 2875 verba
285 2805 527 2891 interpungendo
547 2806 737 2871 removetun
782 2861 785 2866 ,
1161 2796 1164 2800 ’

541 2919 547 2936 ‘
667 2904 739 2976 ἄλλ’
762 2909 819 2975 ἐπί
840 2933 901 2993 μοι
922 2912 1035 2998 poetata

366 3010 474 3104 βάρος
496 3013 663 3082 ἄπλετον·
687 3018 885 3101 ἐμμέμανον
906 3008 1006 3102 φρήν.
1035 3075 1037 3086 ,

267 3125 332 3192 [bd.
357 3123 452 3188 1019:
477 3117 520 3189 cet
542 3123 577 3190 δὲ
600 3116 766 3206 σύλλαβε·
789 3121 843 3187 σοι’
864 3147 902 3187 co
923 3118 988 3208 γαρ
1014 3121 1113 3210 ὄμμα

351 3231 503 3314 ἔμπλεον
524 3221 546 3313 ἢ
569 3222 613 3295 δι”
634 3229 720 3311 ἐμοῦ
741 3223 869 3312 σῴζειν.

268 3335 328 3401 Pro
350 3337 502 3419 ἔμπλεον
529 3334 723 3401 scribendum
750 3350 817 3398 esse
852 3325 897 3419 ἦν
929 3337 1049 3410 πλέον,
1083 3335 1137 3398 ulii
1169 3335 1232 3398 iam

168 3442 320 3508 viderunt.
354 3442 392 3506 In
414 3437 477 3528 peip
500 3439 857 3524 (qucpsniculclooum
878 3436 1056 3518 nonhabet)
1078 3442 1109 3504 ct
1130 3435 1228 3525 ὄμμα

168 3549 245 3613 latet
265 3546 465 3630 predicatum
487 3545 616 3631 (plurale
628 3546 728 3610 neutri
747 3544 889 3628 generis),
910 3546 947 3609 ut
960 3565 1039 3628 saepe
1051 3541 1118 3632 γάρ
1130 3563 1147 3609 c
1160 3569 1230 3630 παρ

198 3869 221 3936 ¹)
240 3871 273 3927 V.
289 3875 342 3929 905
358 3871 491 3936 usserio,
516 3887 576 3926 cum
595 3876 712 3928 mutaret
729 3875 805 3928 nulla
822 3875 973 3929 mutatione
991 3877 1101 3944 egentia
1119 3875 1230 3946 (γένοιτ’

239 3961 348 4034 ἐρήμη),
379 3963 491 4028 accidit,
522 3968 555 4018 ut
573 3965 686 4034 optativi
712 3967 842 4020 aoristum
860 3983 908 4036 pru
935 3967 1026 4022 futuro
1045 3969 1230 4039 (γενήσοιντο)

241 4057 380 4126 acciperet.
