2942 4676
642 289 755 346 οων.
1131 265 1194 352 '709

171 493 390 577 Δημοσθένει
434 491 489 556 καλ
533 488 753 574 Κτησιφῶντι
803 485 956 556 έιιπεσοίν
991 490 1059 555 τιῖιν
1101 482 1235 574 ψήφων.

171 597 285 668 scrin:
311 599 380 664 ἐπί
404 599 631 682 Δημοσθένει,
651 594 686 658 in
709 592 803 659 Περι.

271 705 338 770 Ibd.
371 704 427 782 21,
461 705 498 767 4:
527 695 650 786 Ποίσης
677 693 744 787 γαρ
770 700 832 785 τῆς
860 691 1025 774 Ἰωνίας.
1049 747 1058 765 .
1082 692 1237 784 .α’ρτιω-

171 804 281 898 τοίτην
306 812 415 896 ἐπέχει
437 801 532 886 τοίξιν
559 802 583 893 η
612 800 769 892 Σμέρνα,
793 800 956 892 καθάπερ
980 812 1017 872 έν
1039 819 1110 880 τοῖς
1135 799 1236 890 ὀργά-

170 943 244 992 νοις
265 913 288 1002 ἦ
309 910 433 1004 μαηοίς.
478 915 557 980 Mire
576 906 788 998 α’ρτιωτιίτην
814 905 911 989 τάξιν
940 915 1099 990 enerrant;
1129 931 1236 978 verum

169 1027 234 1091 est:
257 1013 559 1110 α’ρχιιιωτιίτην.
602 1020 663 1097 (De
684 1037 711 1084 ο.
735 1019 785 1096 22,
808 1019 827 1080 2
848 1019 966 1083 dietum
988 1021 1036 1084 est
1056 1039 1086 1102 p.
1111 1019 1193 1097 154.)

270 1129 339 1196 lbd.
368 1130 419 1207 23,
452 1130 487 1192 2:
527 1125 644 1199 λῦσον,
678 1114 704 1189 ὦ
738 1116 922 1200 Πόσειδον,
955 1119 1020 1210 την
1053 1124 1109 1189 ent
1136 1119 1235 1211 Δήλῳ

168 1229 281 1323 χιίριν·
305 1227 520 1321 συγχώρησον
541 1223 630 1320 αὕτη
654 1233 859 1318 πωλουμένη
878 1242 1011 1317 φυγεῖν.
1051 1229 1236 1312 corruptum

168 1336 277 1428 χοίριν.
321 1343 465 1406 Fortasse
486 1337 560 1402 fuit:
583 1333 781 1422 ἄγκυραν.

270 1447 338 1511 Ibd.
351 1447 401 1520 25,
426 1446 480 1508 17:
505 1437 566 1509 τὸν
588 1442 782 1525 Πολέμωνα
804 1442 859 1508 καί
876 1436 963 1526 ’ὑπὲρ
982 1440 1105 1525 θαέμα
1128 1435 1232 1526 τίνων.

167 1548 257 1615 Nihil
284 1553 332 1616 est
359 1545 445 1634 ὑπὲρ
473 1549 597 1632 θαῦμα
626 1543 724 1635 ἄγειν
753 1540 853 1614 τινιί.μ
885 1547 997 1614 Serib.:
1029 1548 1084 1612 καί
1107 1540 1234 1630 ιίτιερ-

169 1649 417 1741 θσιυμοίζων.
448 1655 544 1720 Paulo
565 1655 637 1720 anie
656 1654 734 1732 ’(15),
755 1654 810 1719 ubi
831 1656 895 1720 est:
918 1659 987 1720 ἔστι
1010 1701 1046 1718 ..
1069 1701 1078 1720 .
1101 1660 1237 1736 μαθεῖν

169 1769 208 1829 έν
241 1762 304 1848 μιᾷ
340 1761 408 1826 τών
448 1755 535 1844 ωρός
578 1753 641 1826 τὸν
680 1753 800 1843 Βάρον
840 1760 1001 1847 ἐπιστολῇ
1038 1760 1236 1843 εἰρημένων,

168 1887 277 1934 verum
299 1885 367 1932 esse
388 1864 524 1930 videtur:
554 1871 687 1950 μαθεῖν
716 1871 757 1930 έιι
781 1867 867 1932 τῶν
899 1871 936 1932 έν
961 1864 1025 1950 μιᾷ
1051 1865 1120 1930 τῶν
1147 1865 1236 1950 τιρος

165 1968 229 2042 τόν
251 1967 371 2057 Βοίρον
393 1972 555 2060 ἐπιστολῇ
578 1975 773 2057 εἰρημένων.

267 2079 336 2144 Lib.
369 2078 421 2156 Π,
463 2081 494 2156 1,
531 2079 585 2142 1οε
624 2078 678 2143 καί
717 2075 909 2161 περίπλοον
937 2075 1083 2142 σταδίων
1110 2069 1146 2151 ἓξ
1178 2075 1234 2140 καί

166 2188 273 2252 εἴκοσι
302 2178 480 2268 θαλάττης
507 2187 658 2259 ξυνελεῑν
678 2181 783 2268 μήκη.
829 2181 898 2248 Non
919 2183 993 2265 puto
1015 2181 1078 2247 diei
1099 2181 1236 2264 potuisse

166 2309 206 2356 ne
228 2309 248 2356 a
268 2291 453 2357 Philostrato
473 2289 614 2374 quidem,
642 2293 793 2367 εσνελειν
818 2283 913 2374 μήκη
941 2281 1117 2373 θαλάττης
1140 2286 1236 2374 περί-

168 2399 295 2476 πλοον,
338 2396 395 2462 sed
436 2395 609 2460 addendam
648 2393 909 2479 praepositionem:
959 2399 993 2467 ἐς
1032 2395 1234 2478 περίπλοον.

169 2503 271 2582 (Quod
303 2501 372 2585 quis
405 2502 587 2567 διέκπλοον
608 2503 772 2584 exspectet,
804 2500 996 2584 περίπλοον
1016 2499 1123 2564 eodem
1144 2499 1235 2566 modo

167 2607 374 2673 Philostratus
397 2606 474 2672 dixit
494 2606 549 2672 vit.
571 2606 672 2690 Apoll.
695 2607 749 2685 IV,
772 2606 836 2685 24.)
881 2607 961 2686 [Iam
983 2606 1165 2690 Knynmnn]

268 2714 336 2778 Ibd.
368 2713 397 2791 5,
432 2715 488 2778 17:
524 2705 793 2798 α’ντεφεστίαοόν
827 2739 884 2798 με.
937 2713 979 2777 idn
1009 2713 1060 2777 hie
1092 2713 1125 2776 et
1154 2711 1237 2795 apud

167 2817 334 2884 Platonem
362 2819 472 2884 Timaei
502 2839 532 2902 p.
557 2820 595 2880 17
626 2819 653 2884 B
685 2837 739 2901 pro
771 2811 997 2901 σίντεηεοτκᾶν
1026 2820 1082 2884 aut
1102 2813 1237 2905 α’νταφ-

168 2923 286 2988 εστιᾶν
306 2922 532 2988 restituendum
554 2925 627 3007 puto
649 2917 902 2992 α’νθεοτιᾶν.

271 3025 339 3092 Ibd.
362 3030 392 3107 8,
416 3030 433 3090 5
460 3029 601 3104 (insons
624 3027 780 3094 ndstellns
795 3029 924 3109 verbim:
947 3030 999 3096 σοί
1021 3034 1088 3113 μὲν
1111 3028 1237 3117 ἄρκτον

170 3134 306 3219 δίδωμι,
329 3135 381 3199 σοί
405 3134 439 3200 δὲ
459 3136 695 3220 μεσημβρίαν,
718 3135 770 3200 σοί
798 3136 832 3201 δέ
864 3137 1022 3221 ἑσπέραν,
1052 3129 1181 3212 πάντες
1202 3139 1237 3206 δὲ

170 3246 209 3306 έν
230 3242 339 3316 νυκτί,
373 3233 520 3316 πάντες,
546 3237 632 3308 ὅταν
659 3238 722 3328 έηοί
744 3237 796 3325 μη
827 3227 1017 3329 βλέπωμαί.
1062 3244 1239 3310 Desiderari

171 3343 290 3430 aliquid
311 3345 351 3410 ad
375 3339 504 3420 πάντες
526 3347 560 3413 δὲ
578 3348 778 3414 manifestum
799 3347 862 3424 στω
883 3346 917 3411 id
937 3349 1009 3431 apte
1030 3350 1076 3413 sie
1088 3350 1237 3416 efficiturz

172 3445 302 3525 πάντες
325 3451 360 3517 δὲ
380 3457 417 3517 έν
439 3455 535 3520 νυκτί
559 3446 749 3538 φαίνεθ’,
779 3448 865 3519 ὅταν
887 3447 950 3540 ἐμέ
964 3479 1004 3539 μ.
1025 3457 1062 3540 β.
1088 3448 1090 3456 ’

270 3556 338 3622 Ibd.
362 3558 391 3637 ii,
417 3559 436 3619 6
459 3559 567 3625 serit:
598 3563 631 3624 οἱ
657 3554 756 3626 αὐτοὶ
790 3561 1017 3646 κατηγοροῦσι
1047 3561 1101 3627 καί
1123 3553 1238 3644 σκοίμ-

170 3687 293 3748 ματος,
316 3713 324 3730 .
347 3710 355 3729 .
379 3707 386 3724 .
410 3660 522 3748 ὥσπερ
545 3658 594 3730 oi}
615 3664 689 3730 τοῦ
708 3669 956 3748 Δημοσθένους
977 3677 1017 3742 (v.
1040 3664 1153 3752 α’ίοιιερ
1176 3665 1239 3734 τοῦ

172 3771 225 3847 Δ.)
255 3761 557 3858 οἷπολελογημένον
589 3765 847 3856 τοῑςἝλληοιν
873 3766 958 3857 ὑπὲρ
991 3774 1055 3839 τοῦ
1075 3775 1239 3860 τραγικοῦ

172 3866 331 3958 πιθήκου
364 3901 391 3941 κ.
414 3901 443 3942 τ.
469 3877 497 3942 λ.
521 3877 619 3960 (quasi
652 3895 713 3942 non
744 3880 906 3944 excusetur
938 3878 1159 3946 Demosthenis
1186 3899 1239 3948 ex-

172 3979 299 4064 emplo).
