3014 4666
328 267 389 330 210

386 465 451 531 ibo.
476 465 571 527 1140:

333 591 336 600 ’
436 563 580 658 Ἀνδρός
601 595 652 636 τοι
675 563 713 636 cd
736 573 801 653 μὲν
823 560 863 636 τῶ
885 571 1018 640 δίκαιον
1039 583 1164 642 εἰπεῖν·

438 669 654 768 εἰπόντοςδὲ
676 671 727 760 μή
750 671 930 760 φθονερῶν

437 784 554 860 ἐξῶσαι
574 774 726 867 γλώσσας
747 773 886 848 odovac-
1280 848 1283 856 ,

386 889 493 972 Neque
514 890 685 955 ceteromm
711 887 863 952 enarratio
885 889 1006 972 probari
1026 892 1134 972 potest
1152 911 1250 975 neque
1272 892 1350 958 Diu-

286 997 376 1062 dorfii
397 996 570 1060 coniectura
592 1001 628 1056 ἕν
652 993 829 1070 scribentis3
852 1013 925 1058 nam
947 995 985 1060 τό
1007 989 1047 1060 ἓν
1069 996 1201 1062 δίκαιον
1221 1016 1281 1064 non
1303 1000 1351 1062 est

243 1181 247 1191 ,
287 1106 377 1171 unius
399 1101 534 1168 hominis
556 1099 658 1164 dicere
679 1117 775 1180 neque
805 1099 838 1164 id
858 1099 1042 1188 in'singulis
1064 1103 1233 1168 actionibus
1255 1122 1351 1168 enun-

286 1212 392 1276 tiatur.
437 1204 638 1274 Scribendum
660 1197 699 1270 τῶ
723 1201 765 1268 οἷ
784 1205 915 1287 dicmur
937 1210 1058 1272 εἰπεῖν.
1102 1208 1168 1272 Viri
1191 1209 1248 1283 est,
1272 1209 1351 1292 quod

286 1317 346 1400 ipsi
368 1310 652 1380 iustnm'videatur
675 1312 707 1374 et
728 1310 809 1392 quod
832 1310 984 1389 defendat,
1006 1313 1117 1392 dicere,
1139 1333 1211 1380 cum
1232 1313 1350 1389 dixerit,

289 1441 349 1487 non
370 1419 507 1486 invidam
529 1415 727 1480 acrimoniam
750 1414 864 1499 lingue
895 1437 1102 1502 prommpere.
1154 1419 1216 1484 (ifr.
1238 1420 1350 1485 Elect.

289 1528 386 1591 1037:
409 1525 454 1610 τῷ
479 1521 523 1608 σῷ
549 1520 664 1606 δικαίῳ
687 1513 762 1604 δῆτ’
784 1525 992 1589 ἐπισπέσθαι
1014 1552 1059 1608 με
1082 1526 1141 1592 δεῖ.
1186 1525 1353 1592 Genetims

288 1627 461 1707 εἰπόντος,
484 1628 535 1711 qui
564 1626 718 1692 nonnullis
745 1626 903 1692 offensioni
930 1627 1003 1705 fuit,
1032 1629 1204 1696 necessario
1231 1648 1353 1695 accom-

288 1739 431 1806 modatur
453 1733 493 1800 ad
515 1723 648 1818 α’νδρός,
670 1731 930 1816 quemadmodum
945 1735 1148 1813 accusativus,
1169 1735 1351 1800 cumdicas:

282 1845 417 1928 ’Ἄνδρα
440 1834 500 1927 χρή
522 1885 531 1904 .
555 1885 563 1900 .
586 1887 594 1903 .
617 1843 740 1912 εἰπεῖν,
763 1830 906 1904 εἰπόντα
929 1837 963 1904 du
983 1835 1034 1924 μή
1057 1840 1183 1916 ἐξῶσαι.

385 1949 454 2016 Ibd.
478 1946 558 2008 1162
580 1945 674 2010 oratio
696 1944 741 2010 sic
761 1945 1005 2029 interpungendc
1027 1949 1090 2013 est:
1126 1939 1223 2030 Πρός
1245 1947 1351 2019 θεῶν,

289 2061 376 2123 εἴτι
399 2057 503 2138 σέβοι,
526 2053 620 2127 ξένον
642 2053 831 2126 πέλασσαν,
854 2043 970 2135 εὐνοίᾳ
991 2043 1086 2136 πῶοᾳ
1109 2044 1277 2118 naticae:
1298 2072 1354 2136 per

290 2165 373 2238 deos,
396 2160 423 2226 si
447 2178 496 2223 cos
525 2158 647 2234 vereris,
676 2157 830 2240 hospitem
857 2158 941 2222 omni
967 2177 1037 2224 cum
1066 2157 1277 2230 benevolentia
1297 2176 1354 2239 ap-

287 2255 542 2353 propinquantem
563 2261 623 2328 tibi
643 2263 784 2346 adiungo.

386 2371 454 2436 md.
475 2388 504 2435 r.
526 2370 603 2432 360:

425 2472 510 2559 Ου’χὶ
535 2474 679 2555 ξυνῆκας
701 2466 858 2556 πρόσθεν
866 2499 878 2552 ,·
900 2466 923 2556 ἢ
946 2473 1083 2557 incoepi}
1105 2476 1231 2559 λε’γιινς

287 2583 450 2650 Sententia
471 2580 575 2662 aperte
599 2579 744 2668 requirit:
772 2574 794 2663 ἢ
818 2586 857 2644 ἐκ
876 2580 1029 2664 πείρας
1050 2581 1204 2674 idpsum
1227 2598 1265 2646 an
1282 2582 1354 2646 ten·

285 2688 373 2756 tandi
394 2687 456 2752 moi
479 2705 572 2750 causa
593 2684 723 2760 dicis?¹)

386 2793 453 2876 Ibd.
473 2792 552 2854 430:

423 2891 498 2966 Οῶκ
520 2900 569 2970 εἰς
591 2893 759 2980 ὅλεθρονς
782 2888 855 2982 οῶχὶ
882 2897 1035 2972 θῶσοονς
1058 2886 1099 2960 οὐ
1122 2891 1227 2962 πάλιν
1293 2933 1298 2940 -

419 3001 570 3088 ἄψορρος
590 3007 691 3068 οἴκων
712 2995 811 3070 τῶνδ’
832 2995 1062 3085 α’ποστραφεὶς
1084 2996 1186 3082 ῶπεις

384 3111 454 3176 Νοσ
475 3110 520 3176 sic
537 3128 591 3192 per
605 3129 638 3174 se
651 3109 832 3192 interrogari
845 3107 962 3191 potest:
986 3099 1058 3192 οὐχὶ
1084 3106 1231 3185 dodonam
1255 3106 1352 3174 Scrib.

286 3209 358 3302 οῶχὶ
381 3217 515 3280 θῶσοον
537 3207 589 3281 αὖ
611 3208 716 3280 πῶλιν
734 3216 739 3296 Ι
759 3205 910 3299 ἄψορρος
932 3260 941 3278 .
969 3259 978 3277 .
1002 3261 1010 3276 .
1034 3208 1136 3292 ἅπαις

386 3319 452 3385 Ibd.
483 3321 558 3395 624,
594 3321 664 3383 625.
718 3319 761 3384 Hi
794 3319 853 3385 duo
885 3337 992 3384 vorsus
1030 3318 1135 3384 sedem
1177 3318 1353 3401 permutare

288 3426 401 3491 debent
423 3426 455 3490 et
476 3425 521 3490 sic
543 3425 651 3492 scribi:

302 3625 485 3632 ffl

319 3769 340 3838 ¹)
359 3769 391 3824 V.
421 3771 473 3824 255
503 3763 698 3820 subabsurdum
727 3765 781 3840 est
798 3767 897 3821 κοινῶν
930 3765 1039 3818 παίδων
1066 3759 1147 3818 κοινὰ
1175 3763 1354 3830 ἐκπεφυκότα

356 3861 526 3930 suspicorque
547 3858 597 3913 snb
615 3854 683 3914 κοίν’
702 3853 737 3911 ἄν
756 3857 841 3910 latere
859 3856 1058 3912 substantivum
1076 3854 1195 3910 eiusdem
1215 3855 1353 3924 significa·

356 3954 445 4012 tionis,
465 3968 522 4022 quae
542 3955 584 4004 est
601 3950 630 4004 in
649 3949 721 4020 ἔρνη.
759 3950 884 4032 διοισοσ
902 3949 1014 4020 reperio.
