2944 4660
533 336 534 345 Ν
596 274 658 330 nn.
676 275 699 330 r.
1100 275 1140 336 or

113 473 255 538 inferiora
277 472 438 542 aberrante
453 468 696 554 pretermissum
710 471 819 552 postea
839 472 895 536 aut
915 471 955 536 ab
975 471 1044 553 ipso
1065 471 1184 548 mum,

114 577 325 644 animadverso
347 594 467 648 errore.
493 577 558 642 loco
579 593 640 640 uon
662 594 717 643 suo
739 576 899 652 inseritur,
921 578 977 642 aut
994 575 1027 642 iu
1045 575 1184 656 margine

115 685 176 748 sire
199 683 239 748 ab
261 683 328 764 ipso
351 683 416 748 sive
440 682 479 746 ab
501 680 561 748 elio
581 680 764 746 cuneatum
779 679 952 747 ‘deinde-ab
973 682 1034 746 alio
1048 682 1119 748 nori
1132 701 1185 748 ex-

116 787 207 872 empli
219 787 348 852 librario
362 786 394 850 in
412 783 667 856 enarrassem
685 785 753 851 loco
769 785 901 868 ponitur,
921 786 1076 870 interdurn
1090 783 1185 854 eliam

116 893 250 977 plurium
270 909 416 958 vaenum
437 890 605 956 sententiae.
648 875 809 956 Interdum
831 891 933 966 scriba
958 909 1018 956 uno
1041 892 1185 974 paucisve

116 998 215 1064 uerbis
238 1017 276 1062 ex
296 997 440 1062 inferiore
461 997 529 1062 loco
554 996 716 1079 praeceptis
739 995 821 1062 rodit
844 995 884 1060 cd
903 997 1023 1062 reotm
1037 997 1186 1064 ordinem

118 1123 222 1187 eaque,
247 1121 316 1192 quae
337 1102 525 1184 praeceperat
545 1119 612 1178 uec,
636 1119 674 1166 ne
686 1099 780 1166 nitori
793 1101 926 1184 exempli
947 1103 1080 1178 noceret,
1103 1101 1187 1166 dele·

118 1211 219 1285 rerat‚
251 1207 366 1274 iterum
395 1227 451 1274 suo
482 1207 546 1272 loco
562 1204 693 1282 scribis
724 1206 823 1270 rarius
840 1205 948 1270 “onom
973 1226 1010 1272 ex
1030 1208 1187 1289 superiore

118 1316 181 1380 loco
202 1315 337 1380 verbum
360 1313 492 1378 verbere
519 1311 607 1376 oculo
632 1311 735 1376 oblata
754 1311 868 1382 iterum
896 1311 1002 1393 ponit,
1031 1313 1084 1395 quui
1105 1329 1189 1378 error

119 1440 176 1486 non
197 1420 291 1486 facile
312 1417 438 1500 fallit1).
486 1415 650 1480 Aberrutio
676 1416 780 1482 auteur
801 1415 856 1482 illo
882 1417 924 1482 nd
944 1417 1116 1502 posteriora
1137 1416 1186 1482 iu-

120 1525 241 1590 terdum
265 1523 312 1588 ite
332 1523 444 1601 fiebat,
466 1524 511 1600 ut,
534 1539 623 1599 cum,
642 1519 733 1584 finita
753 1521 867 1604 pagina
888 1524 942 1588 aut
962 1523 1124 1614 columna,
1145 1521 1187 1588 sd

121 1649 228 1696 noram
258 1629 481 1694 uerecundum
502 1626 609 1704 »esset
642 1620 724 1690 oculi
754 1625 861 1694 seona
891 1627 1050 1694 oscitantis
1073 1645 1134 1692 nou
1154 1627 1187 1692 in

121 1737 306 1818 proximam,
335 1731 445 1808 sedin
467 1732 706 1814 subsequentem
727 1730 918 1809 inciderent;
943 1732 1047 1816 itaque
1074 1751 1111 1798 ex
1138 1731 1187 1798 his

123 1840 273 1906 erroribus
302 1837 398 1902 etiarn
425 1837 463 1901 ds
490 1836 592 1903 formo
618 1835 769 1913 codicum,
786 1855 833 1902 er
862 1838 973 1920 quibus
1002 1837 1101 1904 nostri
1129 1837 1188 1904 orti

123 1947 206 2023 suut,
239 1945 416 2009 coniectura
443 1942 574 2007 ducitur.
612 1939 691 2008 :Sed
724 1960 761 2006 ea
789 1941 841 2006 hic
870 1943 1074 2027 persequendi
1103 1944 1189 2011 locus

124 2052 254 2116 nonest.
287 2049 514 2130 Pracceptorum
529 2066 565 2112 er
585 2045 728 2112 inferiore
748 2047 815 2114 loco
835 2049 999 2116 verborum
1014 2050 1189 2132 exemplum

124 2157 256 2238 praebeat
267 2153 462 2230 Plutarchus,
484 2151 565 2234 apud
587 2170 678 2235 quern
693 2152 726 2216 in
742 2152 841 2220 llario
859 2173 886 2218 c.
905 2155 943 2218 15
959 2154 998 2220 -in
1019 2154 1085 2220 his:
1113 2149 1191 2238 Τήα

126 2262 156 2328 δὲ
178 2255 327 2345 κομιδήν
349 2246 397 2324 oio
418 2258 484 2324 ἔδει
507 2259 553 2344 τῷ
577 2250 805 2341 στρατεύματι
830 2257 970 2344 μακράν
997 2261 1065 2326 καὶ·
1080 2261 1190 2326 πολυ-

26 2433 27 2440 Ὶ
125 2369 201 2452 τελῇ
224 2361 396 2451 πρότεροα
417 2355 526 2456 οὖσαν
542 2362 634 2446 ’πρὸς
655 2358 722 2446 τήν
744 2357 927 2434 θάλασσαν
949 2361 1059 2458 αὐτὸς
1076 2358 1190 2451 slpyu'·

127 2501 203 2540 occo
239 2473 362 2558 ῥᾳδίαν
401 2472 456 2536 καὶ
497 2483 636 2555 ταχεῖαν
674 2469 748 2552 quid
776 2471 953 2556 significent
978 2472 1073 2538 verbu
1103 2465 1191 2554 πρός

125 2581 187 2663 τήν
206 2575 401 2655 θάλασσαν,
422 2592 513 2642 nemo
529 2574 669 2658 quamvis
690 2576 852 2642 sumendi
864 2578 974 2646 artifex
989 2577 1194 2668 tolerabiliter

125 2684 278 2768 expediet3
302 2701 402 2766 neque
424 2681 508 2747 enim
529 2681 629 2764 agitur
657 2679 694 2744 de
714 2681 806 2748 rebus
828 2681 870 2746 ad
885 2701 970 2748 mure
986 2681 1192 2765 deportandis,

126 2791 177 2856 sed
198 2791 237 2854 dc
259 2789 360 2854 rebus
372 2788 452 2852 mari
473 2786 610 2852 adrectis
629 2785 662 2850 iu
676 2787 793 2852 terram
808 2786 1004 2870 exponendis,
1026 2789 1063 2852 ut
1083 2786 1193 2852 deinde

125 2894 261 2961 terrestri
301 2893 412 2964 itinere
447 2893 570 2978 longius
606 2892 775 2974 portentur.
829 2891 889 2956 Sed
916 2893 978 2958 tria
1005 2892 1061 2958 illa
1089 2892 1193 2970 rerba,

126 3001 233 3083 quibus
251 2998 361 3064 deletis
384 2998 489 3064 omnia
510 2996 683 3062 rectissima
704 2997 787 3074 suut,
809 2997 869 3064 huc
890 3017 927 3065 er
946 2996 1089 3066 inferiore
1107 2997 1194 3062 eins-

128 3105 194 3170 dcrn
216 3101 327 3187 capitis
349 3103 416 3168 loco
438 3102 591 3166 translata
614 3101 696 3178 suut,
718 3101 772 3174 ubi
794 3104 873 3184 apte
885 3105 1042 3184 ponuntur
1055 3102 1093 3166 de
1114 3102 1195 3168 losse

128 3227 161 3272 er
183 3208 333 3275 Rhodano
366 3208 399 3274 in
430 3206 527 3272 aliurn
558 3207 673 3274 littoris
705 3207 808 3272 locum
836 3197 929 3274 ducta
963 3211 996 3274 ot
1021 3209 1114 3273 λεῖον
1139 3208 1195 3274 καὶ

161 3517 182 3587 ¹)
197 3514 315 3574 Fefellit
325 3521 417 3574 manen
435 3517 571 3575 hominem
588 3531 708 3572 errorum
720 3516 787 3570 satis
804 3518 954 3587 patientem
973 3495 1152 3574 Sintenisinm
1169 3518 1198 3574 iu

198 3609 339 3664 Plutarchi
367 3611 432 3664 ritis
457 3609 569 3680 sepius,
589 3611 622 3662 nt
640 3608 670 3662 in
688 3608 824 3678 Pelopida
844 3611 902 3666 rita
919 3628 941 3666 c.
964 3615 997 3668 16
1017 3611 1059 3679 (lu
1076 3613 1199 3684 μεταβο-

194 3705 269 3772 λῆς),
301 3701 332 3758 iu
357 3701 461 3757 Cleom.
479 3718 502 3756 c.
527 3703 563 3758 25
586 3697 635 3768 (ὃς
653 3705 748 3770 onom
772 3701 871 3756 fefellit
901 3703 984 3758 etiem
1012 3703 1141 3758 Hacsium
1170 3705 1200 3760 in

201 3794 303 3849 Seneca
327 3793 360 3850 de
387 3791 477 3848 benef.
507 3791 655 3857 vr1,·14‚
681 3797 711 3854 2,
735 3791 784 3848 ubi
812 3795 883 3848 recte
913 3795 1063 3864 superiores
1084 3783 1201 3862 ¹(cuius

200 3879 350 3939 faciendi
382 3883 587 3939 occasionem
626 3901 691 3940 non
725 3882 859 3948 habuit,
893 3884 982 3941 deleto
1009 3903 1073 3942 non
1103 3892 1201 3954 esse);

203 3975 258 4046 ipse
277 3981 349 4032 recte
367 3991 428 4030 curn
451 3977 546 4034 ceteris
563 3970 693 4042 c15‚3‘
715 3975 867 4032 delendum
896 3977 1061 4046 significarit
1084 3978 1201 4044 debes,

205 4067 292 4124 oedcm
309 4068 391 4122 modo
408 4071 506 4124 ortona
