2954 4664
636 260 698 318 Lib.
716 261 752 317 11.
1125 263 1182 326 191

160 469 201 539 ὂν
223 465 267 535 ἄν
297 461 360 554 eye·
390 463 528 548 ψὲξαιμό
556 485 604 538 τις
627 460 740 526 omisso
774 457 819 528 ἄν
850 466 920 546 post
948 457 988 528 ὅν
1015 462 1153 540 additum
1180 466 1228 530 est

160 579 253 644 inane
282 591 407 657 prorsus
436 570 567 635 fulcrum
596 587 703 633 versus
732 568 778 652 με’.
829 567 996 634 Difficilius
1028 569 1227 652 persuadebo,

161 682 207 749 et'
222 682 327 746 tamem
356 679 423 760 ipse
449 675 526 740 mihi
556 692 681 758 prorsus
707 675 859 756 persuasi,
892 675 1071 760 AEsobylnm
1099 675 1131 739 in
1153 675 1228 741 Pro-

160 786 280 856 methei
303 786 372 850 loeo
396 783 428 846 et
447 781 480 846 in
498 779 684 863 Ohoephoris
706 781 865 864 scripsisse
886 780 966 845 illic:
998 772 1072 846 Οόιι
1095 773 1161 845 ἔστ’
1185 775 1229 846 όν

161 891 228 978 ὅτῳ
250 890 391 978 μείζονα
414 900 541 972 μοῖραν
560 892 565 962 Ι
585 879 743 971 Νόμαιμό
765 880 787 970 ἢ
810 887 872 965 σοι’,
895 886 961 952 hia:
998 878 1072 952 Οὐκ
1096 880 1162 954 ἔστ’
1184 881 1228 953 σόν

162 995 258 1070 ὅστις
280 990 374 1079 olle
403 989 478 1066 ἑνός
500 985 648 1076 κείραιτό
671 986 744 1070 νιν,
768 991 966 1076 transposita,
991 1010 1061 1057 cum
1076 993 1230 1058 sententia
1325 981 1330 994 ’

161 1104 294 1170 relativa
316 1121 388 1166 oum
410 1098 593 1164 breuissima
620 1097 775 1163 sententia
802 1098 950 1182 primaria
975 1098 1008 1162 iu
1036 1117 1129 1164 unam
1158 1118 1230 1164 con-

162 1210 306 1287 flaretur,
334 1203 486 1288 particula
517 1205 589 1268 ante
623 1221 731 1268 vocem
770 1203 941 1280 relativam,
972 1205 1229 1288 quemadmodum

162 1318 202 1382 fit
227 1317 261 1380 in
283 1315 355 1378 noto
378 1309 497 1375 dicendi
522 1325 635 1392 genere
663 1301 725 1374 σόα
753 1302 798 1373 όν
820 1309 895 1375 οῖδα
918 1304 992 1388 (edu
1014 1301 1077 1378 οἷό)
1098 1303 1167 1389 όν),
1201 1317 1232 1378 εἰ

164 1421 339 1505 δυναίμην
368 1417 461 1502 (synt.
484 1415 537 1480 Gr.
561 1412 582 1500 ξ
607 1414 666 1476 139
688 1415 708 1479 b
729 1417 804 1494 not,
836 1415 949 1481 Matth.
976 1435 1020 1501 gr.
1049 1416 1066 1500 ἕ
1097 1417 1168 1496 599,
1201 1419 1232 1496 3,

164 1529 219 1594 ubi
244 1523 431 1592 testimoniis
459 1519 562 1586 citatis
594 1519 666 1584 addi
687 1523 789 1604 potest
814 1519 1023 1605 Xenophontis
1057 1522 1163 1608 Cyrop.
1195 1525 1232 1602 V,

164 1638 197 1712 4,
224 1635 274 1710 19)
299 1629 459 1696 eteoclem
481 1625 572 1691 modo
595 1625 667 1691 ante
690 1622 742 1691 όιι
772 1628 851 1711 apud
883 1627 1115 1710 Xenophontem
1143 1631 1231 1696 anab.

164 1743 232 1820 ΙΙΙ,
267 1740 303 1815 9,
327 1723 367 1798 94
397 1735 464 1811 (καὶ
496 1727 582 1817 ἡμῖν
610 1725 687 1818 γ’ἄν
716 1727 780 1799 old’
807 1729 860 1798 ὅτι
883 1729 1108 1822 τρισάσμενος
1139 1729 1233 1801 τοῦτ’

167 1847 290 1920 ἐποίει)
328 1843 360 1906 et
392 1840 551 1904 Demosth.
584 1839 716 1922 Philipp.
752 1840 791 1913 ΙΙ,
823 1842 877 1918 99;
912 1861 969 1906 nec
998 1843 1149 1908 dissimile
1177 1845 1234 1919 ost,

166 1953 268 2040 quod,
300 1947 423 2015 contuso
443 1946 524 2011 item
549 1945 701 2028 primariae
723 1948 755 2010 et
776 1946 961 2012 secundariae
983 1948 1234 2025 sententiatim,

168 2057 297 2125 dicitur:
330 2055 364 2119 τό
386 2043 466 2126 οὖν,
489 2045 534 2116 ἄν
562 2045 686 2135 φαιήό
718 2046 829 2139 λόγος,
862 2061 910 2118 ε”τι
932 2047 1105 2135 inensem
1133 2055 1235 2136 (Piae.

167 2164 315 2230 Phaedon.
337 2180 368 2242 p.
393 2159 432 2220 87
439 2151 485 2221 Ἃ
508 2157 591 2234 etc),
615 2157 758 2239 quoniam
781 2179 834 2242 per
856 2179 888 2225 se
911 2157 956 2225 όν
978 2181 1036 2226 non
1058 2161 1183 2243 ponitur
1203 2159 1235 2224 in

166 2271 258 2339 initio
288 2263 450 2332 sententiae
478 2256 534 2347 (όν
556 2263 680 2348 φαίης).
732 2265 799 2329 Ησσ
827 2267 853 2331 si
884 2267 930 2332 ita
961 2270 1022 2346 est,
1056 2266 1237 2350 relinquitur

168 2374 340 2450 dubitatio,
378 2370 410 2434 in
447 2368 601 2452 Euripidis
636 2369 752 2434 Alcest.
792 2372 831 2433 59
866 2375 981 2449 utrum,
1014 2373 1159 2458 producto
1195 2367 1237 2436 όν

168 2479 322 2563 (Diodori.
345 2475 463 2560 praefat,
486 2475 534 2540 ad.
556 2475 664 2558 primae
686 2477 766 2558 poet.
796 2495 874 2542 scen.
898 2479 995 2546 Graec.
1025 2502 1055 2564 p.
1077 2479 1137 2543 VII
1160 2497 1237 2562 sqq.,

169 2605 348 2674 quanquam
370 2580 557 2647 sententiam
578 2579 644 2661 ipse
669 2582 775 2663 postea
792 2585 948 2667 mutavit),
963 2583 1159 2650 scribendum
1182 2584 1236 2648 sit:

170 2687 238 2761 ἔστ’
263 2686 308 2756 ἂν
331 2683 626 2768 laudassemus
651 2693 702 2760 εἰς
729 2688 835 2774 γῆρας
863 2684 961 2772 μόλοι
971 2715 982 2768 3
1017 2707 1055 2753 an
1083 2683 1149 2754 ἔστ’
1176 2680 1239 2755 οὖν

169 2798 266 2870 ὅπως
282 2792 470 2880 ’Ἄλκηστις
492 2789 537 2860 όν
556 2796 663 2881 γήρας
684 2794 804 2878 μόλοις
827 2797 885 2862 etsi
907 2797 979 2861 alibi
1007 2798 1099 2861 verbo
1119 2797 1240 2880 μολεῖν

170 2901 385 2970 accusativum
420 2902 594 2968 huiusmodi
623 2901 808 2968 substantivi
845 2902 911 2967 sine
943 2902 1153 2986 praepositione
1185 2901 1240 2966 ad·

168 3011 313 3075 iunctum
334 3025 391 3071 non
413 3007 550 3072 memini.

275 3114 342 3180 Ibd.
371 3112 553 3200 (Prometh.)
582 3113 643 3175 495
678 3113 722 3191 (in
755 3113 837 3178 chori
869 3111 1031 3196 carminel:

331 3213 449 3286 Μόνον
479 3218 520 3300 δή
545 3212 703 3301 πρόσθεν
725 3215 829 3283 ἄλλον
851 3223 887 3282 ἐν
909 3210 1029 3291 πόνοις

328 3318 464 3411 δαμέντ’
488 3317 776 3408 α’δαμαντοόέτσις
802 3325 930 3390 Τιτᾶνα
954 3320 1079 3412 λύμαις

328 3428 507 3518 εἰσιδόμαν
529 3425 619 3498 θεόν
646 3427 791 3497 ”Acten
1307 3517 1311 3524 .

278 3539 409 3603 Prorsus
441 3535 579 3604 abundat
613 3535 661 3601 ἐν
686 3530 807 3608 τόνοις
839 3539 871 3603 et
898 3539 1010 3604 falsum
1033 3539 1091 3614 θεός
1113 3555 1186 3602 unm
1209 3542 1244 3599 lo

176 3639 301 3718 πόνοις
335 3644 428 3708 multi
460 3643 585 3708 deorum
616 3643 745 3720 fuerant,
778 3662 888 3719 unum,
921 3647 956 3709 ut
988 3644 1182 3722 Promethea,
1213 3643 1244 3708 in

173 3749 285 3815 vinclis
298 3749 467 3816 Oceanides
478 3749 627 3816 viderant.
661 3747 878 3814 Scribendum:
896 3747 1086 3826 ἐντόνοις
1108 3741 1244 3838 δαμέντ’

178 3847 471 3942 α’όαμαντοδὲτοις
492 3883 534 3922 τε
562 3855 689 3936 Τιτᾶνα
716 3845 840 3938 λόμαις
865 3849 1071 3942 εἰοειόόμαν.

280 3961 347 4034 lbd.
370 3962 430 4024 609
452 3961 486 4030 Io
508 3961 694 4045 interrogat:
