3004 4676
272 283 332 346 492
697 282 755 338 Lib.
775 283 822 344 IV.

233 486 468 568 προσέβαλλον
497 495 568 556 τοῖς
598 479 790 564 πολεμίοις.
841 479 951 548 Scrib.:
980 481 1045 567 τήν
1073 483 1164 548 ἰδέαν
1184 477 1293 568 χώραν

233 599 406 676 ἔχουσιν
431 637 438 652 .
463 637 471 654 .
495 633 509 654 .
525 601 596 662 τοῖς
618 586 808 670 πολεμίοις.
858 585 954 652 Cusus
982 607 1000 652 ο
1021 588 1145 654 librario
1173 608 1292 654 ccccm·

235 695 376 760 modatus
400 696 448 762 est
469 696 508 760 ad
529 673 758 778 precedens'ol
781 688 1061 776 Λακεδαιμόνιοι.
1358 677 1360 685 ’

331 800 397 866 Ibd.
411 791 545 866 didicit:
569 801 623 864 καὶ
647 813 741 864 σῖτον
763 803 812 872 εἰς
833 793 898 881 τήν
918 800 985 883 γῆν
1007 801 1209 882 εἰσκομίζειν
1232 824 1292 864 κω-

233 898 392 972 λυόντων.
437 905 551 972 Scrib.:
575 910 624 978 εἰς
646 898 711 987 την
738 906 878 987 νηοσν.
921 904 1014 970 Nullo
1036 906 1127 972 modo
1155 908 1198 992 γῆ
1219 904 1291 970 hul.

232 1029 285 1092 prc
307 1012 408 1078 insula
432 1013 492 1078 dici
514 1013 624 1094 potest.

333 1116 397 1180 lbd.
422 1118 476 1182 64:
510 1112 597 1198 μετοὶ
625 1115 753 1197 πολλῆς
782 1108 957 1199 δυνάμεως
989 1108 1176 1204 α’ξιολόνου.
1227 1117 1293 1182 Hoc

233 1220 306 1286 ferri
327 1222 443 1304 nequit,
480 1223 534 1288 scd
567 1222 697 1304 πολλῆς
732 1219 904 1289 delentibus
935 1219 985 1285 vir
1014 1222 1181 1300 ascenden
1217 1222 1292 1288 adeo

234 1327 316 1390 erim
337 1346 418 1410 saepe
440 1329 485 1394 sic
505 1328 587 1412 apud
609 1326 778 1392 Diodorum
800 1325 923 1410 ponitur
950 1319 1125 1414 α’ξιόλονσς
1154 1328 1201 1405 (ut
1228 1330 1292 1394 ste-

231 1432 289 1496 tim
314 1434 363 1512 67,
387 1435 453 1511 77),
475 1435 510 1498 ut
530 1431 728 1514 interpretari
752 1431 803 1496 rix
822 1431 855 1496 in
879 1432 1016 1496 mentem
1041 1433 1169 1498 venerit.
1211 1433 1292 1498 Scri-

231 1536 367 1602 bendum
388 1537 523 1603 videtur:
546 1532 634 1622 μετσέ
658 1536 884 1620 πολιτικῆς
906 1533 1082 1621 δυνάμεως
1104 1531 1292 1625 α’ξιολόγσυ,

231 1660 301 1708 cum
334 1661 446 1727 magno
472 1643 585 1708 civium
609 1643 751 1711 exercitu.
790 1643 969 1710 Annctetur
994 1644 1063 1718 hcc,
1085 1645 1165 1726 qued
1185 1646 1293 1710 contre

232 1749 328 1814 socios
364 1748 568 1814 desciscentes
605 1747 728 1814 ducitur
764 1749 924 1814 exercitus.
985 1749 1126 1814 Eundem
1158 1769 1291 1818 errorem

231 1848 354 1933 (πολλά
375 1873 429 1936 pro
460 1848 630 1930 πολιτικοί)
661 1853 825 1918 eLuciani
852 1853 918 1920 lcco
940 1855 1050 1920 sustuli
1072 1875 1165 1938 supra
1188 1875 1218 1939 p.
1240 1855 1291 1963 λθ,

229 1960 398 2042 tollamque
419 1978 435 2024 c
457 1959 613 2024 Plutarchi
633 1957 754 2022 Luculli
780 1975 808 2024 c.
831 1957 860 2022 1.

331 2065 398 2129 lbd.
421 2067 460 2127 84
483 2063 695 2131 scribendum:
718 2057 828 2128 πολλοὶ
852 2064 886 2131 δὲ
909 2065 963 2132 καλ
989 2061 1074 2132 ἄλλα
1098 2067 1292 2151 διαλεχθέν-

231 2195 290 2244 τσς
311 2164 418 2236 αὐτοῦ
440 2169 500 2251 της
528 2173 754 2253 προκειμένης
782 2165 982 2246 ὑποθέσεως
1012 2176 1134 2238 σι’κσῑα.
1170 2173 1291 2240 sublato

231 2275 318 2360 περί,
343 2275 421 2358 quod
443 2275 514 2338 ante
536 2275 597 2358 τῆς
620 2298 716 2360 πρσκ.
745 2275 885 2340 additum
908 2279 965 2355 est,
993 2296 1062 2342 cum
1085 2297 1146 2342 uon
1167 2278 1290 2344 intelle·

230 2382 356 2466 geretur
375 2381 555 2463 genetivum
576 2379 708 2464 pendere
730 2381 769 2444 ab
792 2385 910 2446 οἰκεῖα.
954 2381 1101 2465 Aliequin
1122 2384 1213 2464 plane
1236 2381 1290 2446 sd·

230 2486 375 2552 iectivum
396 2485 541 2552 abundat.
946 2555 950 2568 ¹

329 2592 396 2658 Lib.
418 2591 510 2671 XIII,
540 2593 594 2657 14:
634 2593 688 2657 καὶ
723 2596 827 2676 πέρας
860 2596 897 2656 ἐν
926 2586 1068 2678 η’μέροις
1100 2596 1186 2678 τρισὶ
1219 2606 1291 2666 τοῖς

231 2705 339 2786 έρνοις
369 2701 543 2783 ἐπέθηκαν
572 2700 778 2766 συντέλειαν.
829 2697 924 2762 Recte
944 2717 998 2782 pcr
1019 2718 1052 2764 se
1073 2699 1185 2766 dicitur
1208 2723 1289 2766 συν·

231 2808 362 2872 τέλειον
383 2811 558 2870 ἐπιθεῖναι
583 2812 683 2889 ἔργῳ,
711 2804 793 2868 recte
815 2801 896 2885 apud
918 2803 1087 2870 Diodorum
1109 2811 1213 2888 πέρας
1235 2825 1289 2888 pro

230 2911 370 2980 adverbio
403 2910 505 2988 (XIII,
537 2912 586 2986 67,
615 2909 699 2986 XIV,
727 2911 777 2982 54,
806 2908 874 2985 XV,
903 2910 920 2968 7
947 2911 979 2972 et
1003 2911 1072 2984 88),
1111 2911 1166 2976 sed
1197 2929 1290 2994 preve

229 3018 392 3099 utrumque
415 3015 609 3100 coniungitur
631 3015 663 3078 et
682 3013 811 3080 ridicule
827 3015 931 3097 πέρας
946 3015 1123 3080 adverbium
1145 3017 1289 3095 (ιοαάιω)

230 3123 352 3205 ponitur
383 3123 415 3187 in
448 3120 581 3188 notanda
613 3119 703 3184 celeri
737 3120 783 3184 rei
814 3121 1010 3202 perfectione.
1068 3121 1288 3188 Scribendum:

232 3229 286 3293 καὶ
309 3231 416 3312 πέρας
438 3233 476 3293 έν
497 3220 533 3312 ἡ.
552 3252 581 3290 τ.
606 3250 635 3290 τ.
659 3233 684 3288 έ.
709 3229 895 3310 ἐπέθηκαν,
917 3226 1039 3292 sublata
1060 3246 1097 3293 ea
1117 3246 1201 3304 voce,
1223 3247 1290 3312 quae
1339 3267 1344 3274 ·

230 3334 336 3404 addita
371 3337 434 3413 cst,
472 3351 542 3398 cum
575 3336 678 3414 πέρας
715 3349 770 3414 pro
811 3332 955 3397 adverbio
994 3334 1152 3417 acceptum
1196 3335 1289 3398 esset.

233 3440 345 3527 Πέρας
372 3440 563 3504 ἐπιτιθέναι
595 3437 663 3502 τινί
683 3436 829 3521 Polybius
855 3437 965 3520 saepius
993 3440 1025 3504 et
1051 3439 1117 3521 ipsc
1141 3440 1289 3506 Diodorus

228 3544 315 3625 xlll,
337 3547 386 3611 99.

328 3652 394 3716 Ibd.
418 3650 472 3714 16:
500 3642 580 3714 αὕθ’
601 3643 634 3726 ὅ,
655 3673 686 3714 τι
711 3649 924 3732 σημαίνοιεν,
953 3648 1043 3735 εἶχον
1063 3650 1114 3736 μή
1136 3653 1204 3718 τῶν
1225 3643 1288 3718 αό-

230 3759 297 3824 τῶυ
318 3753 404 3843 πρός
430 3755 588 3829 ἅπαντας
615 3751 870 3840 συμφερόντων.
917 3757 1035 3824 Littera
1054 3758 1211 3842 geminata
1232 3759 1288 3822 est.

227 3865 381 3932 Diodorus
403 3867 538 3950 scripsit:
562 3858 647 3948 πρὸς
669 3857 845 3928 ἅπαντα.

286 3971 478 4036 =.lbd.19:
512 3970 832 4042 ἐπακολουθοῦντες
867 3970 921 4034 καὶ
955 3961 1178 4054 πανταχόθεν
1201 3991 1287 4054 προ-
