3000 4668
284 239 345 302 372
710 237 771 294 Lib.
791 239 842 294 111.

343 436 421 500 lbd.·
433 456 463 518 ρ.
476 437 515 498 84
533 437 580 500 A:
607 437 661 502 καὶ
683 429 747 504 σιίκ
769 430 814 502 σίν
835 430 937 520 (ψυχή
960 429 1085 518 α’νδρός
1107 429 1307 520 φιλοσόφον)

243 542 382 625 οἰηθείη
404 536 468 623 την
490 544 555 624 μὲν
577 544 781 628 φιλοσοφίαν
803 543 923 628 χρῆναι
952 535 1079 625 ἑαυτήν
1106 535 1219 617 λύειν,
1248 548 1309 608 λσ-

243 639 349 732 οιίσης,
372 649 405 712 δὲ
437 647 568 730 ἐκείνης
595 641 707 732 ατίτην
735 639 962 731 παραδιδόναι
991 662 1067 720 ταῖς
1089 644 1230 734 ἡδοναῖς
1253 653 1307 715 καλ

243 752 368 828 λύπαις
384 750 509 836 ἑαυτήν
526 748 633 820 πόλιν
649 745 693 818 αὖ
710 755 918 841 ἐγκαταδεῖν.
953 755 1093 821 Debotat
1114 774 1182 820 esse
1198 749 1309 838 ακίτην

243 856 350 927 πιίλιν
377 851 422 936 αὖ
452 853 696 943 παραδιδόναι,
726 881 783 926 neo
817 861 1031 947 ἐγκαταδεῖν,
1064 861 1119 926 sed
1151 863 1309 928 καταδεῖν

247 969 411 1033 dicendum
441 969 509 1032 erat
535 966 573 1030 de
602 967 810 1050 voluptatibus
840 971 872 1033 et
901 967 1054 1032 doloribus
1077 967 1215 1032 animum
1237 985 1310 1032 oon-

245 1071 489 1156 stringentibus..
532 1071 660 1138 Sublato
688 1065 914 1155 παραδιδόναι
954 1072 1164 1137 scribendum:
1197 1067 1309 1155 αὐτην

244 1193 319 1252 ταῖς
341 1173 484 1262 ἡδοναῖς
507 1178 562 1242 καί
593 1171 719 1251 λύπαις
748 1173 875 1261 ἑαυτήν
904 1171 1010 1242 πόλιν
1032 1169 1078 1244 αὖ
1100 1181 1309 1264 ι’γκαταδεῖν,

241 1289 276 1350 nt
307 1287 429 1350 animus
451 1286 516 1367 ipse
545 1303 578 1348 se
605 1285 644 1349 iio
671 1284 880 1367 constringere
913 1284 1040 1349 dicatur.
1085 1284 1168 1366 (vid.
1192 1307 1225 1368 p.
1245 1288 1308 1363 83.)

242 1393 301 1468 (De
322 1413 352 1478 p.
375 1392 417 1451 84
437 1391 465 1454 D
487 1389 548 1454 vid.
570 1410 599 1472 ρ.
625 1391 685 1450 174
709 1395 751 1466 n.)

345 1485 412 1562 Ibd.
435 1517 465 1579 p.
478 1495 520 1558 90
540 1496 585 1560 B:
608 1487 682 1562 αλλ’
704 1496 818 1582 ἐκείνη
844 1485 885 1584 ᾗ,
906 1488 1047 1562 ἐπειδάν
1069 1522 1120 1570 τις
1142 1491 1308 1583 πιστεύσῃ

242 1598 329 1690 λόγῳ
352 1604 418 1667 aaut
445 1627 473 1666 κ.
489 1628 519 1668 τ.
533 1604 561 1666 λ.
611 1602 690 1666 Non*
704 1603 851 1686 sequitu,
873 1603 954 1686 quod
978 1603 1307 1686 expleatrsenteutiam

242 1710 407 1774 relativam
428 1708 608 1791 pronomine
630 1695 653 1795 ᾖ
674 1707 888 1792 significatam.
949 1707 1062 1774 Ortum
1089 1708 1122 1772 id
1144 1711 1193 1776 eat
1213 1728 1308 1791 praua

243 1815 450 1897 geminatione
472 1813 743 1895 seribendumque:
774 1813 900 1900 ἐκείνη,
924 1807 1066 1880 ἐπειδάν
1087 1840 1139 1888 τις
1162 1815 1231 1893 (aad
1252 1815 1309 1879 illa

240 1921 375 1996 ratione,
403 1939 473 1984 oum
498 1919 566 2002 quis
588 1939 623 1984 o:
653 1938 720 2002 quae
747 1919 985 1996 onerantur,
1012 1923 1198 2004 numquis).
1246 1921 1307 1993 (De

240 2047 270 2107 p.
295 2026 335 2088 93
357 2026 386 2089 D
407 2024 468 2090 vid.
492 2045 584 2108 supra
604 2045 635 2108 p.
660 2025 721 2099 83.)

340 2131 407 2194 Ibd.
421 2150 451 2212 p.
464 2131 522 2190 101
535 2130 579 2193 D:
607 2133 638 2194 εἰ
660 2130 695 2193 δι’
710 2155 761 2202 τις
777 2125 884 2214 αιίτης
897 2133 958 2216 τῆς
973 2127 1174 2204 ὑποθέσεως
1185 2139 1306 2217 ἔχοιτο,

241 2235 370 2320 χαίρειν
402 2229 485 2318 ἐρίης
514 2229 559 2300 σίν
592 2238 646 2301 καί
680 2230 741 2302 οιίκ
777 2230 993 2322 α’ποκρίναιο.
1045 2237 1153 2322 Neque
1186 2257 1240 2320 per
1272 2257 1306 2302 se

242 2350 381 2427 ἔχεσθαι
413 2342 451 2406 do
479 2326 682 2426 oppugnando
712 2342 976 2428 aggrediendoque
1003 2343 1063 2408 diei
1084 2344 1186 2427 potest
1206 2361 1305 2426 noque

241 2450 312 2529 poet
334 2441 495 2533 agripenno
516 2448 651 2529 proxime
676 2449 747 2512 ante
776 2468 847 2514 eum
878 2447 987 2512 eodem
1014 2449 1154 2531 genetivo
1180 2466 1305 2530 prorsus

242 2553 394 2618 contrario
406 2554 583 2637 significatu
597 2554 742 2636 positum.
776 2553 991 2620 Seribendum:
1009 2561 1152 2637 ε”φσισσ
1165 2557 1304 2646 (ἐφεῖτο,

238 2661 371 2742 potera).
427 2659 523 2724 Paulo
544 2660 614 2742 post
641 2659 823 2733 videndum,
855 2679 893 2724 ne
917 2660 1010 2724 soribi
1039 2659 1150 2726 debeat
1178 2655 1251 2744 ἅμα
1275 2654 1305 2725 δ’

242 2758 303 2828 οὐκ
326 2761 371 2828 eiu
394 2757 542 2848 φόροις
563 2783 617 2860 pro
641 2745 765 2849 φόροιό
787 2766 825 2830 do
843 2765 1129 2846 omniamiseenta.

340 2870 406 2934 lbd.
424 2891 454 2952 p.
473 2872 531 2932 102
545 2869 586 2934 C:
611 2876 647 2935 ἐν
669 2872 759 2956 μέσῳ
781 2865 829 2945 ὧν
851 2867 1066 2955 αχιφοτέροιν,
1087 2873 1152 2938 τοὺ
1171 2876 1238 2956 μὲν
1258 2875 1303 2958 τῷ

239 2981 383 3061 μεγέθει
406 2970 582 3060 ὑπερέχειν
604 2969 669 3058 την
691 2969 902 3060 σμικρότητα
925 2971 1117 3064 ιίπερίχων,
1139 2981 1185 3066 τῷ
1208 2979 1242 3044 δὲ
1264 2975 1303 3045 τό

238 3086 390 3167 μέγεθος
415 3083 476 3164 τῆς
506 3073 730 3166 σμικρότητος
768 3085 923 3168 παρέχεον
956 3078 1132 3170 όπερίχον.
1186 3087 1304 3168 Aperta

239 3209 368 3270 pravum
391 3190 439 3253 est
461 3181 642 3273 ὑπερέχων,
664 3207 720 3254 neo
742 3190 848 3254 tamon
872 3190 941 3254 tolli
961 3189 994 3254 id
1022 3191 1182 3278 aequalitas
1203 3193 1303 3260 mem-

239 3295 365 3358 brorum
398 3293 535 3360 studiose
569 3296 600 3358 et
635 3294 706 3358 lusu
741 3293 872 3378 quaesita
903 3296 987 3360 sinit
1051 3297 1183 3380 Scripsit
1214 3296 1304 3362 Plato

239 3393 372 3484 ὑπέχω
382 3422 416 3464 o:
433 3399 560 3465 alterius
572 3400 776 3483 magnitudini
788 3401 985 3484 exiguitatem
998 3421 1086 3468 suam
1099 3402 1303 3485 superandam

239 3505 489 3581 subministrans,
512 3505 601 3570 alteri
617 3505 863 3590 magnitudinem
885 3507 1084 3590 exiguitatem
1107 3503 1303 3590 superantem

240 3613 387 3694 praebens.
457 3611 539 3692 Apte
575 3611 613 3674 de
651 3605 779 3676 minoris
824 3611 863 3676 ad
903 3605 1003 3676 maits
1035 3603 1153 3691 ration&
1192 3607 1302 3698 όπέχα

238 3717 373 3799 ponitur.
1060 3723 1063 3730 ’

339 3823 406 3887 Ibd.
429 3842 458 3904 p.
486 3821 545 3882 104
567 3823 592 3884 Ε
615 3822 782 3890 admodum
809 3843 930 3901 vereor,
945 3877 948 3884 ,
964 3827 1094 3910 nepost
1118 3817 1302 3910 ὁρίσασθαι

240 3928 385 3992 exciderit
408 3929 458 3993 δεῖ
480 3922 511 4004 (ὃ
532 3927 650 3992 τοίνυν
671 3931 801 4014 ἔλεγον,
823 3917 1007 4014 ὁρίσασθαι
1031 3932 1108 4010 δεῖ),
1137 3951 1198 3998 non
1221 3932 1302 4008 δεῖν,

233 4033 319 4114 ¹quod
343 4033 374 4096 in
397 4032 550 4097 oodioibus
574 4034 689 4116 aliquot
711 4034 843 4100 additur.
890 4035 971 4101 Nam
993 4040 1200 4123 nequete'yn
1223 4038 1304 4120 apud
