3014 4666
299 264 359 326 236
736 261 796 318 Lib.
814 262 853 319 Π.

356 463 406 528 Ita
438 407 625 528 Diodordas.
682 460 839 527 Nauckius
870 461 917 526 sic
940 461 1146 545 interpungit:
1179 453 1319 545 φράσαι·

259 575 376 655 ἔχουσα
399 571 455 632 cet
513 568 652 650 Utroque
684 566 776 632 modo
807 566 1062 639 molestissimum
1094 559 1233 651 φρσίσαι,
1265 587 1321 650 pro

257 692 315 756 quo
337 673 502 754 requiritur
522 679 670 756 μαθεῖν,
699 671 779 754 quod
801 670 875 734 olim
903 671 987 746 mihi,
1018 673 1144 754 postea,
1166 675 1202 738 ut
1222 673 1321 752 video,

256 777 459 842 Heimsoethio
488 778 520 841 in
547 780 687 845 mentem
716 776 818 856 venit,
853 794 872 840 a
898 777 1115 857 probabilitate
1142 778 1321 844 mutationis

256 885 347 967 longe
378 884 541 947 remotum.
586 883 648 948 Sed
681 882 829 966 praeterea
861 898 921 944 non
947 883 1067 948 rectum
1102 879 1257 969 ὅθενπερ
1289 885 1322 949 in

257 990 313 1053 hac
346 987 558 1052 coniunctione
588 1007 643 1070 pro
679 987 811 1070 simplici
851 981 949 1050 ὅθεν.
1007 987 1113 1054 Oratio
1150 990 1194 1056 sic
1223 991 1322 1056 inter-

257 1093 420 1178 pungenda
442 1093 504 1157 est:
1012 1175 1017 1186 ι
1193 1115 1197 1122 ·

405 1195 517 1281 τάφον
539 1197 685 1262 λιποῦσα
708 1190 807 1264 τόνδε
831 1189 1004 1280 σύμμειξον
1027 1191 1121 1286 κόρῃ.

378 1302 585 1389 ’Ὃθενπερ
611 1307 691 1370 εἴσει
715 1296 828 1368 πάντα
851 1296 1001 1388 σοι’ληθῆ.
1025 1298 1161 1392 φροίσσιι,

408 1403 514 1496 ε”χοσσ’
537 1416 574 1475 ἐν
597 1412 702 1483 οἴκοις
724 1410 836 1485 τοῖσδε
858 1409 892 1474 σι’
912 1412 1052 1494 βλέπεις
1074 1407 1208 1496 πρόσω,

356 1516 424 1580 Iam
463 1508 589 1599 φριίσαι
621 1515 822 1597 imperativus
861 1517 909 1580 est
944 1517 1055 1595 modii,
1087 1517 1320 1603 interrogationi

256 1620 453 1686 interiectus:
494 1621 573 1686 Cum
593 1622 711 1687 in‘hac
742 1620 832 1686 domo
861 1620 984 1696 habeas,
1019 1623 1219 1705 (considera)
1240 1622 1322 1687 unde

258 1726 362 1791 omnia
382 1744 455 1790 vera
476 1725 659 1808 comperias,
684 1744 738 1790 cur
759 1726 849 1810 longo
870 1727 1040 1808 prospicis?

357 1831 424 1896 Ibd.
447 1831 525 1893 388:
602 1890 606 1902 ,

408 1931 477 2002 ei'd’
502 1933 629 2021 ὤφελες
650 1930 742 2011 πόθ’,
767 1928 855 2020 ἡνίκ’
878 1944 1001 2021 ε”ροινον
1026 1943 1060 2010 ἐς
1083 1931 1191 2010 risorie

409 2044 569 2115 πεισθείς
591 2043 732 2116 ἐποίεις,
758 2047 795 2107 ἐν
816 2050 915 2115 θεοῖς
938 2046 1053 2110 λιπεῖν
1072 2044 1165 2128 βίον.

358 2150 438 2214 Mire
471 2149 536 2213 haec
574 2148 699 2232 quidam
733 2149 773 2214 ad
804 2149 837 2214 id
875 2153 997 2232 tempus
1029 2150 1225 2227 rettulerunt,
1264 2169 1325 2232 qno

257 2256 368 2338 Pelops
398 2273 474 2338 puer
500 2271 519 2319 a
540 2254 670 2318 Tantalo
697 2255 851 2320 mactatus
885 2253 932 2318 dis
954 2254 1113 2338 appositus
1136 2257 1201 2332 est,
1232 2255 1320 2320 ‘coins

256 2363 301 2427 rei
322 2379 420 2444 neque
442 2361 474 2424 in
495 2359 597 2424 verbis
619 2359 684 2448 ullo
704 2358 886 2442 significatio
908 2361 1033 2426 estnec
1058 2362 1132 2442 apta
1154 2378 1190 2424 ea
1211 2359 1320 2426 subiici

256 2467 377 2549 poterat
398 2467 469 2548 post
491 2465 771 2530 commemoratam
780 2464 904 2547 Pelopis
914 2465 994 2530 Pisae
1009 2465 1180 2532 victoriam.
1215 2464 1320 2549 Signi·

254 2573 384 2637 licentur
413 2571 511 2654 epulae
532 2572 602 2652 post
623 2588 693 2636 eam
716 2569 871 2636 victoriam
904 2570 1057 2653 aPelope
1091 2571 1123 2634 et
1153 2589 1241 2636 sacra
1272 2571 1320 2636 dis

255 2679 335 2744 facta
356 2677 494 2760 (ἔρανον
518 2681 551 2748 ἐς
573 2668 700 2755 θεούς).
744 2675 806 2740 Sed
826 2675 942 2742 residet
955 2675 1101 2740 mendum
1122 2676 1320 2742 manifestum

254 2785 286 2849 in
308 2782 466 2873 πεισθείς
488 2781 672 2846 stallorum
693 2780 726 2844 in
748 2786 786 2846 ἐν
807 2791 914 2854 θεοῖς.
957 2780 1088 2870 Videtur
1108 2779 1319 2846 scribendum:

389 2888 590 2969 στεφθολς
610 2884 750 2958 ἐποίεις,
770 2879 931 2958 ειίθέσις
953 2889 1068 2952 λιπεῖν
1088 2887 1178 2969 βίον.

356 2993 526 3062 Coronatus
559 3009 646 3058 soora
676 2991 790 3072 Pelops
823 2993 910 3070 fecis
948 2987 1078 3064 εὐθέως
1113 2992 1209 3058 otiam
1239 2991 1320 3056 Her-

256 3120 369 3166 manno
390 3102 422 3164 in
446 3101 582 3164 montem
603 3096 696 3160 venit.
1211 3136 1213 3148 ι

354 3204 422 3270 Ibd.
443 3205 515 3281 415,
531 3202 608 3266 416.
650 3201 763 3268 Videor
784 3202 861 3268 mihi
881 3202 1059 3268 adolescens
1081 3202 1195 3268 alicubi
1209 3203 1320 3268 dixisse

255 3311 309 3394 (-
337 3297 419 3374 certo
454 3307 633 3373 adolescens
667 3308 809 3373 annotavi
836 3313 894 3388 -),
924 3308 980 3374 hos
1016 3325 1123 3374 vorans
1151 3309 1196 3374 sic
1224 3308 1320 3374 inter-

256 3414 431 3500 pungendos
454 3431 536 3479 esse:
1185 3419 1187 3430 ’

392 3512 466 3586 Ode
489 3511 566 3585 οἶδ’·
588 3515 688 3604 ὄχλον
708 3512 773 3602 χείρ
796 3521 967 3586 εἰσπεσεῖν
984 3511 1194 3603 ᾐσχυνόμην,

390 3621 475 3692 ὥσθ’
496 3625 684 3710 ἱστορῆσαι,
706 3619 768 3698 σιίς
790 3620 875 3707 ε’,ιισίς
900 3624 1127 3710 δυσχλαινίας,

256 3731 285 3794 h.
299 3749 336 3806 c,
357 3733 483 3798 verebar
494 3731 618 3812 propter
627 3731 799 3796 deformem
813 3730 961 3797 vestitum
972 3731 1070 3798 turba
1084 3749 1135 3796 me
1146 3728 1320 3795 immiscere

256 3836 433 3902 sciscitandi
455 3855 556 3902 causa.
609 3836 689 3902 Nam
713 3833 918 3922 αἰσχύνομαί
939 3861 971 3900 τι
995 3849 1109 3902 ποιεῖν
1131 3861 1163 3900 σι
1191 3833 1253 3900 est:
1276 3833 1322 3898 sic

257 3939 394 4008 alicuius
406 3944 452 4008 rei
473 3960 522 4007 mo
542 3941 647 4026 pudet,
668 3945 704 4007 ut
725 3943 762 4006 ob
783 3941 816 4006 id
838 3942 937 4020 iacere
958 3942 1073 4026 aliquid
1094 3959 1208 4006 verear.
1239 3939 1318 4006 Xon.

256 4047 345 4112 anab.
372 4047 412 4122 II,
436 4049 466 4126 3,
496 4047 550 4112 22:
574 4039 799 4134 ᾐσχύνθημεν
822 4049 876 4113 καί
902 4044 1011 4132 dende
1032 4050 1087 4116 ιιαλ
1110 4039 1321 4132 σίνθρσίπσιις
