2944 4660
333 293 377 356 82
771 293 835 350 Lib.
852 295 876 348 Ι.

295 489 393 554 menti
414 491 501 556 motu
522 491 554 556 ei
573 490 699 556 incitati
715 491 810 556 animi
823 489 1062 572 perturbatione,
1085 514 1109 554 rr
1120 490 1357 569 aurodoavfi.

293 594 387 677 Apud
409 594 556 664 Senecam
575 596 664 678 epist.
681 593 923 676 aeneadum:
955 613 1027 659 non
1051 594 1257 660 dedecoros
1280 613 1358 660 cor·

293 699 400 783 peris
431 704 556 768 motus
593 702 758 784 (sapientia
793 701 874 774 erait
904 701 958 766 aut
984 699 1099 781 eiieeit)
1132 713 1200 764 nee
1228 699 1357 790 ,varios

290 815 359 888 per
397 807 529 872 tubam
565 825 607 870 aa
639 799 776 872 tibiam
814 807 965 878 eantus,
1002 805 1137 888 quibus
1174 805 1357 887 exeeptis

293 911 463 993 spiritus
492 911 559 976 aut
582 911 750 976 inanito
771 913 836 976 aut
856 911 893 976 'an
914 901 1087 976 traniitu
1108 910 1299 976 formatur
1318 911 1356 974 in

294 1035 430 1082 voaem.
480 1015 627 1082 Mirifieos
648 1035 720 1096 vero
742 1017 859 1082 cantus
872 1017 1035 1094 (utaentur
1057 1035 1122 1098 per
1142 1017 1273 1093 tibiam),
1289 1016 1358 1099 qui-

295 1121 354 1186 bus
377 1121 545 1204 excipiatur
566 1121 692 1203 spiritus
715 1123 747 1186 et
767 1123 799 1186 in
819 1141 926 1188 vocem
947 1123 1109 1188 formetur!
1145 1121 1285 1210 Apparet
1302 1120 1358 1186 de-

293 1227 386 1292 scribi
396 1227 516 1310 partem
538 1227 735 1292 instrumenti
751 1229 862 1292 musici
879 1228 1031 1310 spiritum,
1053 1226 1255 1312 quoinfletur,
1276 1226 1359 1292 erei-

295 1332 410 1414 pientis
428 1335 459 1396 et
480 1331 512 1394 in
536 1351 640 1396 vooem
663 1332 922 1399 transformantis.
944 1335 985 1400 Et
1006 1333 1050 1400 sio
1074 1332 1208 1416 quidem,
1234 1333 1270 1396 ut
1283 1330 1358 1396 <sui-

292 1439 353 1514 tur,
371 1421 466 1508 oeteii
488 1437 607 1523 eodioes
629 1457 735 1502 omnes
758 1438 862 1520 (modo
885 1439 922 1504 de
940 1439 1079 1504 omnibus
1101 1440 1182 1502 reete
1204 1437 1356 1519 taceatur)

294 1541 427 1619 habent,
471 1543 525 1608 sed
561 1543 593 1608 in
626 1543 840 1626 antiquissimo
871 1543 1093 1628 Bambergensi
1124 1561 1180 1624 pro
1214 1542 1357 1608 dantus

292 1647 435 1729 quibu-s
458 1643 506 1712 det
528 1649 787 1732 cantisaliqui
809 1650 956 1732 quibus.
998 1650 1147 1714 Detraeto
1167 1648 1244 1731 qui,
1274 1642 1358 1730 quod

237 1789 239 1796 ι
293 1753 489 1834 exquibus
511 1755 612 1818 ortum
635 1755 691 1830 est,
716 1756 815 1820 restat
836 1754 1041 1831 oantisali,
1077 1753 1109 1818 id
1131 1755 1180 1818 est
1206 1752 1356 1818 annalis

293 1857 435 1939 (varios
463 1875 530 1938 per
560 1859 692 1924 tubam
716 1877 758 1923 ao
779 1860 921 1926 tibiam
943 1859 1107 1938 uenalia,
1140 1859 1276 1943 quibus
1298 1875 1356 1922 ex-

292 1963 428 2043 eeptus
451 1963 533 2044 eet),
556 1962 593 2026 de
615 1983 674 2046 quo
695 1965 813 2032 Seneca
833 1965 900 2048 ipse
921 1965 1038 2032 vetabit
1059 1981 1244 2046 quemqnam
1265 1961 1357 2028 dnbi-

291 2070 372 2144 tare,
389 2059 497 2148 epist.
520 2068 595 2145 108,
624 2068 664 2130 10
685 2071 729 2134 sie
750 2055 902 2138 scribens:
939 2071 1106 2152 spiritus
1127 2069 1259 2134 noster
1280 2067 1357 2138 ela·

291 2172 433 2236 riorem
463 2192 596 2238 sonum
623 2175 768 2254 reddit,
799 2165 886 2242 ‘eum
912 2177 1024 2242 illum
1049 2175 1145 2240 tuba
1165 2191 1229 2254 per
1249 2171 1357 2255 longi

292 2277 448 2344 canalis
470 2281 674 2362 angustias
696 2283 867 2348 tractum
889 2277 1113 2364 patentiore
1131 2277 1356 2344 novisaime

292 2383 395 2446 exitu
427 2384 585 2480 effudit.¹
624 2387 685 2452 Sed
718 2407 893 2470 quanquam
921 2385 1016 2452 codex
1041 2385 1150 2450 Bamb.
1178 2383 1218 2448 ad
1247 2401 1356 2448 venam

290 2487 508 2562 inveniendum
537 2490 588 2556 bie
612 2491 672 2556 dux
691 2491 765 2568 fuit,
797 2493 902 2556 tamen
924 2511 960 2556 ea
981 2489 1127 2574 vestigia,
1159 2509 1225 2572 quae
1246 2487 1279 2552 in
1304 2507 1356 2552 ee·

290 2593 365 2658 teris
386 2595 477 2676 plane
499 2596 609 2668 obruta
630 2596 657 2662 is
680 2598 827 2675 servarit,
849 2598 924 2662 adeo
946 2599 1019 2662 sunt
1038 2595 1152 2662 tenuia
1167 2597 1199 2660 et
1218 2594 1355 2672 eonfflsa

290 2700 327 2764 ut
357 2700 451 2766 simul
473 2699 522 2766 hie
548 2699 633 2766 loeus
658 2701 841 2768 documento
866 2721 933 2768 eeee
954 2701 1062 2783 possit,
1083 2719 1177 2784 quam
1198 2701 1261 2766 sint
1281 2717 1355 2786 gra·

290 2805 379 2870 vibus
409 2805 535 2870 mendis
559 2807 645 2872 nulla
672 2825 731 2871 non
752 2808 865 2892 pagina
896 2806 988 2884 obsiti
1011 2806 1129 2889 antiqui
1151 2809 1184 2872 et
1200 2789 1355 2872 interla-

290 2912 372 2978 toros
395 2911 505 2993 optimi
527 2910 651 2978 Seneeae
672 2913 799 2978 dedices.
897 2939 901 2948 ·
1026 2929 1029 2936 ·

296 3075 299 3086 .
374 3016 492 3082 Distuli
517 3035 611 3100 supra
632 3018 825 3102 singularem
844 3016 1086 3100 interpolationis
1106 3017 1253 3093 formam,
1286 3033 1354 3098 quae

291 3123 415 3188 constat
435 3122 597 3188 verborum
621 3122 693 3192 data
716 3141 808 3206 opera
830 3123 1008 3200 adieetione,
1031 3103 1285 3206 eognatamfenm
1308 3121 1355 3186 al-

290 3229 356 3296 tero
385 3227 664 3294 additamentomm
695 3248 824 3312 genere,
857 3216 924 3312 qua
947 3247 1048 3296 onore
1069 3247 1106 3292 ex
1126 3227 1263 3310 margine
1284 3245 1356 3292 sus-

290 3336 380 3416 cepta
409 3335 500 3411 sunt,
533 3337 566 3400 et
593 3333 640 3399 ita
662 3334 766 3418 speeie
794 3331 943 3412 similem,
974 3333 1184 3400 utinterdum
1205 3330 1356 3416 distingui

290 3441 433 3522 nequeat
475 3438 585 3522 Neque
616 3439 699 3504 enim
720 3460 790 3504 raro
815 3413 942 3518 librarii,
965 3439 1046 3522 qnod
1067 3440 1122 3530 ant
1141 3438 1285 3504 rariorem
1306 3438 1355 3504 lo-

292 3542 405 3626 quendi
433 3543 565 3632 formam
597 3563 656 3609 non
688 3545 907 3628 expediebant,
941 3546 995 3609 aut
1016 3545 1180 3610 sententia
1197 3544 1355 3610 oohaeren-

290 3649 368 3713 tiam
406 3651 675 3734 membrorumque
709 3650 951 3716 doniunctionem
987 3653 1019 3716 et
1054 3649 1299 3715 distributionem
1323 3651 1356 3714 et

309 3985 333 4052 ¹)
363 3987 439 4042 Hane
458 3984 670 4046 emendationem
688 3984 767 4055 posui
783 3983 811 4038 in
831 3983 973 4040 annalibus
990 3981 1087 4054 philol.
1105 3980 1213 4036 Derieis
1231 3980 1256 4036 V
1273 3997 1299 4050 p.
1319 3982 1354 4036 17

362 4081 389 4134 et
408 4081 468 4134 158.
993 4076 994 4082 ’
