2944 4660
301 297 342 358 44
742 293 801 350 Lib.
821 297 842 349 1.

257 499 372 562 tustra
393 497 540 561 hactenus
562 513 614 559 ess
637 494 769 560 editores
790 495 899 563 tollere
920 495 1022 560 eonati
1042 495 1114 572 sint,
1136 493 1324 566 nondicarm

258 620 386 684 ponam,
417 601 499 686 'qnod
517 603 550 665 et
571 619 608 664 er
629 601 696 665 tota
715 601 890 664 narratione
913 603 947 665 et
966 619 1003 665 ex
1024 619 1148 676 eorm,
1185 617 1252 681 quse
1274 597 1324 661 in-

256 708 341 772 tacta
367 706 561 783 manserunt,
593 705 692 770 forma
717 706 917 772 menifestum
946 707 1003 771 est·
1016 705 1206 770 Herodotum
1229 703 1325 784 scrip-

258 813 352 878 sisse:
393 814 471 878 Τών
503 811 536 876 δὲ
565 811 839 896 διαφθαρεισέων
862 811 951 875 νεῶν
972 805 1054 883 τούς
1075 807 1203 894 ἄνδρας
1232 817 1270 874 οἵ
1287 833 1324 872 τε

260 915 490 1004 Καρχηδόνιοι
524 921 579 982 καὶ
609 922 641 982 οἱ
669 919 839 1000 Τυρσηνοὶ
863 917 1160 1000 διενείμαντο,
1193 917 1260 980 καὶ
1284 919 1325 980 οἱ

262 1026 469 1109 Τυρσηνοὶ
501 1016 622 1110 ἔλαχόν
645 1049 681 1088 τε
704 1016 820 1088 αὐτῶν
846 1023 961 1108 πολλῷ
990 1024 1131 1095 πλείους
1159 1023 1215 1086 καὶ
1238 1014 1323 1086 τού-

258 1157 338 1204 τους
360 1125 581 1218 ἐξαγαγόντες
605 1132 828 1194 sanitaribus:
868 1127 1027 1209 (Potuisse
1044 1129 1139 1193 etiem
1157 1129 1323 1193 διείλοντο

256 1237 350 1302 scribi
380 1237 412 1300 et
442 1237 514 1301 addi
529 1267 531 1274 ·
544 1228 604 1310 δύο
637 1238 743 1320 μέρη,
776 1233 850 1317 quid
877 1251 954 1314 opus
983 1234 1032 1298 est
1056 1233 1142 1299 dicii
1187 1235 1270 1298 Nem
1291 1233 1324 1296 in

255 1343 312 1406 hoc
342 1361 455 1425 genere
483 1341 639 1407 sententis
661 1343 693 1406 et
714 1338 860 1404 cretionis
877 1339 991 1415 forme,
1024 1357 1084 1403 non
1106 1340 1209 1404 omnia
1230 1339 1325 1404 verbe

255 1446 396 1528 praeetsri
434 1449 587 1528 possunt.)
651 1446 814 1510 Postremo
849 1445 1013 1508 redeamus
1038 1444 1077 1508 sd
1104 1444 1260 1508 inferiores
1292 1443 1325 1506 et

255 1572 291 1616 er
305 1553 344 1618 iis
358 1553 525 1626 Plutarcho
547 1553 750 1635 adiungemus
772 1549 1105 1640 Diodorumlbiculum,
1128 1548 1210 1630 apud
1230 1567 1324 1634 quem

253 1656 338 1734 XIV,
348 1659 388 1718 25
401 1657 584 1739 (inProxeni
595 1656 865 1739 cretione)mirum
873 1653 1087 1720 estneminem
1096 1651 1323 1719 sensisseinhis

254 1763 359 1845 verbis
366 1785 374 1826 :
398 1763 443 1847 τῷ
455 1765 590 1846 βασιλεῖ
601 1765 722 1847 λέγειν,
735 1755 791 1835 οἷς,
804 1755 852 1825 ἂν
865 1761 943 1841 περὶ
957 1753 1057 1843 ἡμῶν
1074 1752 1221 1826 κατιόντι
1236 1765 1324 1844 βου-

254 1863 405 1952 λεύηται,
414 1865 467 1934 διδ
480 1857 612 1934 Ιτούτοιν
623 1865 932 1945 (ἰδθελαιῖινὸπλων)
941 1863 1028 1949 πρὸς
1040 1851 1323 1952 αιλαδνοῖγιονιού-

253 1982 349 2056 μεθα
379 1976 457 2056 περὶ
479 1973 549 2038 τοῖν
574 1967 721 2059 οἶγαθών
741 1974 811 2038 τῶν
833 1973 957 2037 κοινῶν
979 1973 1012 2035 et
1033 1975 1221 2040 sententiam
1242 1974 1323 2038 alte·

253 2100 320 2146 rem
342 2099 409 2146 esse
431 2099 588 2157 mancam·
606 2079 753 2162 quonism
770 2079 868 2150 attere
888 2080 1012 2142 tanturn
1035 2078 1173 2143 condicio
1186 2077 1324 2158 ponatur

253 2205 289 2250 er
310 2185 440 2261 duabus,
463 2187 495 2250 et
516 2184 710 2267 apertissime
731 2184 819 2248 initio
834 2202 1004 2268 repugnare
1021 2183 1137 2248 exitum
1154 2184 1232 2266 περὶ
1253 2183 1323 2246 τῶν

252 2287 406 2378 o'yodciv¹
421 2292 489 2356 τῶν
512 2291 644 2356 κοινῶν.
693 2290 776 2354 Nem
797 2308 897 2372 neque
919 2289 1069 2366 debonis,
1092 2288 1323 2372 quaeuniverse

251 2399 406 2475 dicuntur,
431 2397 486 2462 sed
509 2397 546 2461 de
568 2397 634 2461 vita
654 2397 686 2460 et
704 2395 803 2460 salute
814 2398 881 2460 tum
902 2398 984 2460 esset
998 2393 1208 2460 dimicandum
1222 2413 1322 2477 neque

252 2503 318 2568 ulla
329 2506 418 2568 erent
438 2504 515 2567 tum·
530 2501 706 2567 communia
717 2501 798 2565 bona
811 2500 908 2584 (regis
923 2504 955 2565 et
972 2501 1172 2583 (trecorum).
1219 2499 1323 2582 Scrip-

256 2611 322 2672 tum
353 2607 454 2672 fueret
479 2609 538 2672 hae
568 2608 682 2672 forme:
728 2600 790 2681 οἷς,
824 2603 869 2673 οἷν
903 2609 981 2689 περὶ
1018 2601 1117 2690 ἡμῶν
1149 2598 1255 2674 ιιαιιόν
1289 2631 1322 2670 τι

251 2707 480 2799 βουλεύηται,
520 2708 573 2778 dee?
591 2705 721 2777 τούτοιν
745 2708 831 2796 πρὸς
853 2705 1237 2799 αὐτόνοῖγωνιουιιιθα,
1271 2707 1294 2776 ιλ
1303 2739 1324 2778 ν

255 2813 464 2906 δὀἷγαθόν
485 2847 534 2900 τι,
557 2812 644 2904 μετ’
662 2812 795 2884 αὐτοῦ
811 2814 917 2900 πρδς
934 2813 1030 2890 τούς
1048 2812 1322 2904 ἅλλουςιίγω-

255 2919 472 3011 νιοδμοθα
495 2924 654 3006 neptunio
668 2916 814 3010 α’γαθών
835 2927 905 2990 τών
922 2927 1056 2990 κοινῶν.
1098 2925 1234 2990 Mutavit
1246 2925 1323 2991 Dio·

253 3033 345 3098 dorus
362 3015 513 3108 nonnihilss
530 3050 597 3114 ques
612 3031 693 3112 apud
712 3031 949 3113 Xenophontem
964 3031 1108 3096 dicuntur
1127 3032 1216 3096 anab.
1235 3031 1276 3107 ΙΙ,
1295 3031 1322 3108 1,

256 3141 304 3203 12.
337 3140 373 3202 In
391 3138 510 3202 Latinis
529 3137 565 3200 ut
578 3135 787 3203 abrerissimo
801 3137 939 3218 exemplo
952 3137 1063 3213 ordiar,
1077 3136 1159 3218 apud
1174 3136 1326 3202 Senecam

255 3245 292 3310 de
315 3246 436 3326 tmnqu.
458 3261 508 3306 sn.
531 3242 561 3319 5,
577 3242 595 3303 5
614 3241 774 3308 scribitur:
803 3241 1157 3309 CurinsDentstus
1181 3243 1324 3320 siebat,

255 3348 377 3412 maile
410 3363 496 3410 esse
518 3363 556 3408 se
577 3347 765 3410 mortuum
798 3367 911 3430 quem
940 3347 1080 3412 vivere.
1124 3347 1194 3413 Non
1222 3349 1324 3432 gravis

254 3453 320 3518 haec
352 3470 423 3516 eum
454 3450 595 3516 acumine
627 3450 729 3533 alique
760 3452 916 3518 sententia
937 3455 1000 3530 est,
1022 3451 1078 3516 sed
1099 3449 1325 3535 desperationis

254 3578 311 3624 vor
340 3556 381 3638 sd
417 3556 549 3620 mertem
586 3555 670 3621 ocius
702 3558 951 3623 consciscendem
979 3559 1138 3639 spectans,
1174 3559 1276 3623 ebena
1307 3577 1326 3623 a

256 3664 402 3739 Dentato,
425 3661 526 3726 aliena
548 3679 567 3724 a
588 3661 663 3738 loco,
684 3661 716 3725 in
739 3681 799 3745 quo
822 3661 881 3729 hoc
903 3663 1087 3746 disputatur,
1111 3664 1259 3729 virinum
1285 3683 1325 3729 ne

255 3755 574 3852 periculoso'puidem
597 3768 629 3832 et
649 3769 733 3833 tristi
754 3771 893 3856 tempore
913 3765 1053 3833 desidem
1070 3770 1323 3855 torperedcbere.

256 3876 364 3958 Itaque
390 3893 451 3940 non
473 3873 555 3952 vite,
576 3873 634 3938 sed
656 3873 754 3938 desidi
774 3875 808 3938 et
828 3875 912 3958 turpi
933 3874 1005 3939 vito
1024 3875 1156 3940 mortem
1169 3875 1324 3940 Dentatus

254 3979 450 4062 preferebat,
482 3978 659 4061 dixeratque
687 3979 803 4042 malle
825 3997 912 4044 esse
934 3999 972 4045 se
996 3984 1191 4046 mortuum
1213 4001 1324 4065 quem

254 4103 392 4172 nequem
414 4085 564 4159 viseres
601 4085 704 4150 scriba
724 4103 743 4149 e
763 4085 997 4169 priore-quem
1018 4087 1058 4151 sd
1079 4087 1211 4152 alterum
1238 4088 1325 4151 ben-
