2944 4660
627 253 687 338 urs.
705 253 729 307 1.
970 237 972 249 '
1126 223 1165 320 6'3
1269 277 1272 282 -

142 473 211 518 cnm
231 454 422 536 adscriptum
444 455 528 520 assat
547 448 608 520 cciv
632 445 755 536 Πάριν,
779 455 811 520 id
831 457 877 526 sic
891 457 1021 522 orationi
1046 458 1203 536 insonum,

143 561 176 624 ut
208 543 365 626 articulus
383 579 402 624 a
421 561 545 632 nomina
567 559 771 642 divellorptnr,
793 562 884 644 plane
905 581 973 628 eam
996 559 1206 630 vitiosamol-

142 665 215 730 facit
238 658 477 750 (Ἀλέξανδρον
495 661 558 731 τὸν
580 667 617 730 ἐν’
641 665 811 752 &sacella
826 663 978 752 ’Πάρινμ
1021 670 1124 752 itaque
1138 670 1205 736 Ὀο-

142 789 230 847 racs,
264 771 418 848 Sebaefer,
452 770 586 836 Sintcnis
610 771 835 856 transponendo
864 775 1025 840 subvenire
1047 757 1204 854 conantur,

37 871 45 880 '
139 876 229 958 qnasi
256 893 315 940 non
343 878 427 941 omni
455 878 522 942 loco
550 895 634 959 acque
670 878 802 944 maniter
824 879 954 960 lectores
985 881 1206 952 admoncantur

142 975 367 1064 Ἀλέξανδρον
390 1002 457 1048 csse
479 977 545 1049 τόν·
557 977 675 1066 Πὸριν.
708 985 745 1048 In
757 985 894 1050 ciusdem
910 985 1049 1069 Lycurgo
1062 1005 1088 1050 ο.
1104 987 1204 1052 tcum

140 1089 171 1152 in
200 1089 250 1153 bis
281 1092 476 1174 γενομένων
504 1089 537 1154 tt
569 1089 636 1154 τῶν
659 1084 781 1172 ὁρκίων
802 1091 977 1156 declarandi
999 1109 1092 1156 eausa
1113 1111 1206 1174 supra

142 1196 290 1278 scriptum
320 1196 403 1259 asset
424 1188 617 1280 ὁμολογιῶν
637 1195 729 1278 idque
748 1196 780 1260 in
800 1195 941 1260 ordinem
961 1197 1006 1261 aic
1027 1198 1203 1279 receptum:

141 1303 208 1367 τῶν
232 1295 357 1384 ὁρκίων
384 1294 590 1385 ὁμολογιῶν,
628 1301 759 1366 editores
782 1303 836 1366 aci
860 1296 1051 1387 ὁμολογιῶν
1074 1302 1204 1384 seripse-

143 1409 221 1485 runt,
248 1405 399 1489 quomodo
420 1425 500 1490 saepe
521 1407 580 1472 boa
599 1405 704 1471 mendi
725 1425 821 1490 genus
843 1407 1023 1478 occultatur.
1078 1408 1204 1487 (limen-

142 1515 217 1578 datt.
248 1512 316 1576 Liv.
341 1533 370 1594 p.
402 1513 440 1572 14
469 1514 501 1576 at
529 1512 611 1592 16¹).
647 1511 749 1594 'Apud
770 1511 954 1578 Pausaniam
976 1511 1029 1588 IX,
1052 1513 1101 1588 21,
1124 1513 1205 1578 bad

145 1625 177 1685 αἱ
205 1613 353 1688 donitas
375 1618 589 1683 admonitionis
613 1621 723 1696 causa,
746 1618 872 1700 nequis
895 1620 981 1712 scuta
1002 1617 1202 1702 intellegeret,

142 1727 331 1809 adscriptum
374 1724 450 1787 crat'
484 1724 523 1788 ab
566 1723 667 1806 aliquo
705 1718 746 1786 τὸ
789 1725 912 1808 θηρία,
957 1723 1066 1788 deinde
1104 1743 1203 1790 amoro
1294 1720 1300 1730 “

143 1829 287 1897 adactum
318 1832 366 1894 est
395 1829 427 1892 in
455 1830 522 1912 ipso
553 1831 640 1894 textu
666 1824 708 1894 cci
732 1831 841 1913 θηρία
872 1835 906 1894 ct
934 1822 1092 1908 αόπίὸες,
1125 1831 1204 1921 mira

143 1937 366 2011 coniunctione,
394 1935 472 1998 miro
493 1935 587 1999 ctiam
609 1935 723 1999 ordine.
742 1951 746 1958 ’
766 1936 857 2018 Apud
879 1936 1028 2002 Senecam
1050 1936 1138 2017 epist.
1154 1937 1205 2012 85,

145 2044 180 2104 10
202 2040 406 2123 (Numquid
435 2040 592 2106 dubium
615 2043 687 2117 ast,
710 2042 799 2123 quin
825 2041 931 2106 vitia
957 2042 1103 2106 mantis
1132 2043 1203 2107 bu-

142 2169 253 2214 manae
275 2147 503 2210 inveterata
524 2148 565 2210 et
585 2147 697 2221 duta,
731 2165 811 2228 quae
832 2146 982 2210 morbos
1003 2165 1201 2226 vocamus,

139 2251 395 2319 immoderata
428 2253 524 2329 sint,
557 2252 598 2316 ut
622 2251 805 2326 ornatilia,⁴
837 2254 881 2316 ut
907 2251 1134 2330 crudelitas,
1157 2255 1197 2318 nt

137 2358 391 2443 impotentia,
432 2355 643 2439 impietas)¹
670 2357 839 2420 esbernum
865 2355 1048 2422 vocabulum
1076 2359 1116 2422 ad
1136 2359 1197 2424 im-

136 2465 276 2547 potcntiae
299 2481 426 2540 nomen,
456 2461 555 2544 quod,
583 2461 636 2524 ubi
657 2461 695 2524 dc
716 2461 878 2542 impotenti
897 2463 1054 2528 iracundia
1075 2463 1196 2541 dicitur,

136 2571 303 2652 sepissime
324 2567 457 2631 librariis
479 2565 634 2631 offensioni
654 2567 724 2642 init,
742 2565 969 2644 declarandum,
990 2569 1092 2651 inopie
1113 2587 1195 2646 sana,

137 2676 323 2758 adscriptum
346 2685 424 2750 csse,
446 2672 582 2737 ostendit
602 2691 662 2736 non
684 2673 785 2736 solnm
804 2671 918 2736 omissa
939 2672 970 2736 in
985 2673 1041 2738 hoc
1057 2675 1195 2738 membro

134 2783 241 2847 vitiose
271 2777 424 2864 particula
444 2777 499 2852 ut,
531 2777 587 2840 sed
608 2777 736 2852 certius,
774 2777 855 2858 quod
875 2777 1019 2858 impietas
1040 2797 1196 2860 nunquam

133 2889 211 2952 inter
237 2887 368 2952 affectus
401 2885 432 2947 ct
452 2883 697 2965 perturbationes
716 2882 811 2946 animi
833 2878 885 2960 (τὸ
909 2875 1023 2965 odda)
1046 2903 1065 2947 a
1086 2883 1196 2948 Stoicis

134 2995 318 3058 numeratur.
384 2988 475 3070 spuo
499 2987 634 3053 Gallium
655 2988 753 3065 ΧΙΙΙ,
784 2990 825 3052 20
848 2989 925 3065 (19),
962 2991 998 3050 12
1021 2989 1197 3054 declarandi

133 3119 237 3176 causa,
275 3097 353 3180 qnis'
377 3095 458 3158 filius
485 3093 709 3177 significaretur
738 3093 781 3158 M.
818 3093 943 3160 Catonis
970 3093 1012 3158 M.
1036 3094 1070 3156 F.
1093 3094 1135 3156 Μ.
1157 3095 1195 3160 N.

132 3203 282 3286 (consulis
308 3223 335 3266 a.
360 3199 434 3276 118)
445 3231 459 3276 ,·
485 3191 672 3281 adscriptum
704 3199 753 3262 ost
783 3217 852 3263 cum
891 3199 1072 3284 punissimo
1096 3217 1196 3264 cuore

131 3311 315 3375 maiorem
338 3306 536 3381 Catonem,
571 3303 719 3385 aquibus
741 3306 842 3370 verbis
863 3305 946 3397 nullo
969 3303 1193 3385 artificioquic-

133 3433 220 3496 qnam
244 3412 417 3494 extorqueri
437 3411 514 3474 recti
534 3409 645 3492 potest:
702 3410 840 3474 Iustinus
863 3409 901 3486 V,
925 3411 952 3486 1,
979 3412 993 3469 1
1014 3409 1193 3491 scripserat:

133 3517 358 3583 Alcibiades
389 3516 531 3580 absens
558 3514 726 3578 Athenis
752 3514 1013 3579 insimulatur
1047 3513 1193 3578 Cereris

132 3623 345 3687 initiorum
368 3641 501 3698 sacra,
531 3620 637 3684 nullo
659 3621 782 3704 magis
807 3638 915 3702 quam
937 3618 1096 3684 silentio
1119 3621 1194 3684 sol-

133 3727 291 3804 lemnia,
322 3725 602 3792 annntiavissc.
649 3724 801 3790 Additum
826 3727 874 3789 cst
896 3724 927 3787 in
956 3725 1093 3806 margine
1113 3744 1194 3807 my-

134 3833 269 3909 steria,
288 3851 347 3914 quo
365 3832 397 3895 in
408 3832 576 3897 omtionem
587 3829 701 3895 inserto
713 3829 823 3895 vitiose
835 3827 944 3892 Launa
958 3826 1124 3911 Graecaque
1136 3848 1191 3912 ap-

163 3963 330 3972 ,ωηο-*Μ

117 4082 121 4094 .
153 4038 173 4108 ¹)
202 4041 242 4095 Da
262 4021 389 4120 blamed
406 4058 427 4097 c.
447 4043 488 4106 74,
507 4041 606 4099 othon.
624 4059 646 4098 c.
665 4045 683 4099 5
700 4041 787 4096 dicam
802 4053 851 4094 sno
868 4037 934 4093 loco.
1003 4107 1009 4114 .
