2954 4664
605 315 666 370 nro.
685 316 709 372 1.
816 279 818 286 ’
1085 316 1145 378 149

128 513 162 576 ut
183 515 360 594 appareret,
395 531 487 597 quam
508 512 649 610 mirabili
674 514 837 599 inepteque
857 516 1092 601 interpungendi
1113 517 1188 581 arti·

127 618 193 683 licio
214 619 263 684 vir
283 619 457 702 perdoctus,
482 619 538 684 sed
557 619 663 684 iudicii
682 621 715 684 iu
728 641 761 686 re
776 624 881 687 critica
901 623 1056 688 interdum
1078 639 1187 704 pamm

127 722 214 788 liberi
236 728 270 790 et
289 724 385 802 ‚firmi
408 723 451 788 M.
473 724 626 800 Hortzius,
648 745 818 807 pronomen
840 729 904 811 qui
924 729 1017 813 (quod
1037 729 1095 810 alii¹
1111 730 1187 793 sim·
1214 805 1217 814 p

125 829 245 909 pliciter
279 830 418 908 eiioiuut)
458 831 539 895 tueri
571 833 697 896 conatus
730 837 812 899 esset
843 835 917 917 (qui
946 834 1186 900 ...nobiles

126 939 233 998 erant
256 981 330 1012 ...,
354 922 532 1006 Socrates
555 985 563 1000 .
584 987 590 1000 .
612 985 620 1000 .
642 937 740 1016 fnit).
784 939 845 1004 Sed
866 942 972 1004 manet
992 940 1073 1004 ultra
1093 935 1187 1004 fidem

125 1059 268 1122 perversa
289 1043 465 1126 argumenti
486 1042 621 1108 conclusi
647 1043 831 1127 significatio
856 1047 889 1109 in
916 1045 1058 1128 itaque.
1113 1045 1187 1110 Gel-

124 1144 180 1210 lius
205 1148 383 1229 scripserat:
430 1147 572 1212 Hostes
599 1147 688 1212 tnnc
714 1152 848 1232 populi
869 1152 1026 1217 Romani
1052 1151 1188 1217 inerunt

123 1251 331 1318 Fidenates
352 1251 517 1337 lllquique.
567 1252 610 1316 In
631 1253 701 1318 hoc
722 1256 891 1337 tompore
912 1257 1062 1321 nobiles
1085 1259 1186 1321 eele-

123 1357 288 1440 bresque
311 1361 437 1422 terant
467 1357 674 1440 Sophocles
709 1409 716 1424 .
748 1409 756 1426 .
784 1409 792 1424 .
827 1361 1074 1426 Democritus
1107 1409 1148 1424 ..
1176 1411 1184 1428 .

126 1462 303 1535 Socrates
326 1465 383 1528 oet.
416 1463 755 1548 Plusquamperiectum
767 1484 932 1548 nequeper
948 1485 981 1530 se
996 1485 1094 1549 neque
1105 1467 1187 1532 inter

125 1569 267 1648 perfecta,
291 1587 358 1652 quae
382 1569 559 1652 precedunt
580 1572 612 1636 et
633 1574 808 1654 sequnntur,
830 1571 903 1635 ferri
923 1571 1052 1653 poterat.
1085 1595 1088 1604 ¹

223 1675 309 1758 (XL)
330 1671 423 1758 Rpud
444 1677 552 1759 poetas
574 1695 679 1742 versus
700 1663 797 1741 latere
819 1677 906 1742 uetat
926 1678 983 1742 hoc
1003 1671 1185 1744 mendorum

23 1759 24 1784 ¹
125 1797 233 1860 genus,
267 1781 328 1846 nisi
357 1783 411 1848 ubi
436 1801 491 1864 pro
514 1782 636 1848 nomine
658 1783 778 1865 proprio
801 1781 1021 1863 appellativum
1048 1783 1185 1848 eiusdem

124 1903 242 1965 prorsus
264 1905 419 1953 mensurae
442 1889 588 1954 substitui
608 1889 717 1970 potuit.
761 1887 798 1950 Id
820 1886 937 1952 iactum
963 1889 1012 1952 est
1031 1907 1186 1954 memora·

124 1987 176 2054 bili
211 1993 351 2074 exemplo
388 1995 470 2076 apud
497 1994 632 2059 Statium
662 1992 927 2066 strumam,
960 1983 1013 2058 nbi
1042 1995 1184 2060 Flavium

124 2093 235 2160 Ursum
258 2098 468 2174 calamitates,
496 2099 523 2164 si
551 2117 617 2180 quae
644 2095 767 2180 praediis
789 2097 997 2180 fructibusque
1020 2100 1084 2164 eius
1105 2099 1184 2164 iuci-

23 2213 24 2268 3
125 2199 255 2276 dissent,
282 2203 406 2294 fortiter
426 2205 562 2268 laturum
583 2203 678 2268 fnisse
698 2204 743 2268 ita
772 2203 917 2284 affirmat,
944 2206 980 2268 ut
1001 2205 1094 2270 simul
1114 2225 1185 2288 pos·

23 2301 24 2318 ¹
124 2307 270 2372 sessiones
301 2329 356 2391 per
383 2327 487 2382 omues
523 2311 618 2374 ltaliae
646 2311 750 2392 partos
778 2309 810 2372 at
843 2329 898 2392 por
923 2311 1093 2404 provincias
1120 2311 1183 2376 late

23 2457 24 2490 p
124 2431 244 2494 sparsas
267 2414 437 2480 adulatorie
457 2417 671 2498 persequatur:

241 2517 279 2596 Ο,
301 2539 393 2601 quam
416 2521 532 2586 divitiis
553 2539 706 2604 censuque
727 2522 835 2584 exutus
857 2521 956 2624 opimo

239 2624 370 2704 Fortior,
392 2627 480 2701 Ursa,
503 2628 598 2702 foram
621 2627 649 2690 si
669 2627 719 2694 vel
739 2625 877 2690 fumante
896 2627 984 2690 ruriua

234 2732 460 2808 ,Rucmssenra
481 2733 560 2796 dites
581 2731 736 2804 Vesuvina
756 2731 897 2798 incendia
918 2733 1029 2798 Locros

242 2834 303 2900 Seu
324 2837 517 2903 Pollentinos
541 2839 721 2916 mersissent
741 2837 868 2901 fiumina
889 2837 997 2911 saltus,
1046 2869 1049 2876 ·
1079 2875 1081 2882 ·

240 2939 301 3004 Seu
323 2944 465 3023 Lucanus
487 2963 560 3027 ager
582 2963 636 3008 seu
658 2943 821 3027 Thybridis
843 2943 977 3025 impetus
1000 2943 1078 3007 altas

240 3046 279 3110 In
301 3047 442 3112 deutrum
464 3049 607 3114 torsisset
627 3069 732 3132 aquas,
754 3051 895 3130 paterere
916 3067 1044 3114 serena·

242 3151 355 3216 Fronte
377 3154 458 3218 deos.
1038 3173 1041 3180 '

126 3251 245 3342 Vesuvii
267 3251 409 3323 incendis
431 3261 463 3324 et
477 3258 605 3324 flumina
620 3259 808 3324 exundantia
824 3257 897 3341 quid
917 3261 949 3324 in
972 3263 1053 3346 agris
1075 3261 1183 3327 vicinis

127 3361 263 3438 efficiant,
296 3364 459 3448 intelleg03
502 3363 575 3446 quid
613 3383 686 3448 ager
706 3367 848 3430 Lucanus
881 3385 989 3450 nocere
1017 3369 1083 3449 ipse
1114 3367 1183 3432 aliis

126 3469 225 3556 possit,
249 3479 373 3551 prorsus
396 3489 455 3534 nou
477 3470 622 3553 intellego
643 3489 680 3534 ao
701 3491 740 3535 ue
761 3469 794 3534 id
816 3471 945 3553 quidem,
959 3473 1056 3547 vide0,
1079 3475 1183 3538 utrum

126 3591 194 3656 ager
214 3593 354 3658 mergere
381 3575 478 3639 saltria
506 3576 553 3653 (ut
574 3577 776 3660 coniungatur
799 3595 868 3640 cum
891 3578 1110 3658 superioribus)
1134 3599 1182 3654 arr,

126 3680 159 3740 ut
180 3681 308 3755 Tiberis,
329 3683 469 3762 torquere
489 3699 587 3763 aquas
609 3701 679 3748 snas
706 3683 839 3757 dicatum
869 3682 996 3746 tertium
1017 3684 1095 3748 nihil
1116 3703 1183 3750 esse

155 3924 179 3990 ¹)
195 3925 252 3980 Hoc
270 3943 363 3981 verum
382 3944 437 3982 esse
456 3929 559 3996 nequit.
603 3929 736 3982 Vesuvius
754 3929 873 3984 flammas
897 3932 1000 3995 ructat,
1025 3949 1079 3986 uon
1097 3933 1183 3988 urbes.

194 4017 396 4074 Vartasscnt
414 4020 523 4089 vulgare
542 4023 584 4074 cst
601 4037 649 4090 pro
661 4021 743 4075 Statii
761 4022 870 4091 iugenio
888 4024 916 4076 at
934 4021 1042 4092 longius
1061 4024 1183 4082 discedit.

195 4109 294 4178 Opiuor
313 4114 442 4182 scriptum
460 4113 543 4168 luisse
561 4115 768 4181 raptassent,
