2944 4660
341 253 380 314 62
776 252 836 308 Lib.
855 254 876 306 1.

298 453 454 536 proposito
483 453 623 534 exemplo
648 451 680 516 in
707 450 929 534 marginaaul
958 453 1037 516 inler
1064 453 1161 516 lineas
1190 452 1367 518 deelarandi

296 558 415 642 aliquid
444 575 540 622 eausa
561 559 708 638 annulata
728 556 815 632 sunl,
850 575 951 621 errore
973 557 1033 638 ipsi
1056 559 1212 641 scriptoris
1235 558 1366 622 oradani

298 663 476 745 interponit„
498 661 576 745 quod
598 661 804 742 eius-perlem
826 680 893 726 esse
914 665 1013 745 pulsa
1057 666 1107 729 Ab
1128 665 1186 728 hoe
1209 663 1365 727 diversum

298 773 363 846 est,
388 788 459 832 eum
480 765 597 849 aliquid
619 766 720 830 scriba
741 767 794 830 aui
816 770 969 831 comestor
993 767 1124 846 codicis,
1157 769 1238 852 qued
1258 769 1366 834 deesse

297 876 430 940 orationi
457 873 563 949 aredii
584 871 650 953 ipse
672 890 710 951 ee
730 871 856 936 oonsilio
877 871 974 949 addit,
996 873 1034 937 ul
1052 874 1132 938 inler
1152 875 1246 938 verba
1267 875 1366 956 serip-

293 983 373 1048 ieris
392 981 522 1065 legatur,
543 978 599 1042 hoe
621 978 678 1050 est,
701 976 872 1040 orationem
895 977 993 1042 sciens
1015 981 1118 1042 mutel
1139 981 1171 1044 el
1190 979 1366 1061 iulsrpolat.

300 1087 451 1170 Philologi
491 1084 596 1148 aulem
627 1080 764 1164 plerique
796 1082 929 1164 primum
967 1083 1211 1166 interpolat-ionis
1243 1085 1368 1148 nemine
1434 1163 1436 1172 A

303 1197 366 1259 lere
388 1193 425 1256 de
448 1190 519 1255 solis
540 1187 578 1252 iis
600 1187 841 1269 utuntur,.quae
862 1187 943 1252 veris
966 1187 1121 1270 seripturis
1142 1189 1242 1254 verbis
1266 1188 1369 1253 aliena

298 1300 467 1373 adduntur3
504 1293 614 1358 deinde
636 1291 746 1375 duplex
768 1292 897 1356 addendi
919 1312 1030 1378 genus,
1053 1294 1185 1358 alterum
1205 1295 1237 1358 in
1252 1313 1367 1369 errore,

296 1407 431 1476 alierum
453 1402 485 1464 in
507 1398 633 1467 oonsilio
656 1398 801 1481 pesitum,
824 1417 883 1462 nen
906 1401 1059 1480 separant,
1082 1399 1367 1482 madefacerent,

297 1531 333 1576 se
354 1510 415 1592 ipsi
436 1507 655 1582 admonerent,
688 1506 724 1568 nl
744 1504 836 1584 paulo
859 1495 986 1568 cautius*
1001 1508 1033 1569 el
1054 1505 1196 1570 subtilius
1219 1504 1256 1568 de
1279 1503 1368 1568 addi-

297 1615 446 1681 lamenlis
462 1610 603 1675 dolandis
618 1611 650 1674 el
665 1609 809 1674 tollendis
821 1609 1005 1685 iudicarenl3
1028 1630 1214 1693 quamquam
1230 1630 1290 1674 uon
1300 1629 1369 1674 orn-

301 1717 480 1785 nibusleeis
492 1715 625 1780 discerni
644 1715 759 1797 poiesl,
779 1715 878 1779 unius
901 1714 1026 1799 originis
1050 1716 1296 1788 additamentum
1316 1717 1368 1780 sii.

351 1854 355 1864 ·
386 1824 527 1888 Primum
548 1821 643 1903 igitur
664 1839 744 1902 saepe
767 1820 821 1886 aui
841 1820 873 1884 in
887 1822 1026 1903 margine
1047 1823 1111 1886 eius
1124 1823 1265 1906 exempli,
1288 1823 1369 1904 quod

297 1931 342 2006 ad
363 1926 599 1994 deseribendunr
620 1925 811 2007 propositum
830 1928 910 2002 erat,
939 1929 992 1992 aul
1014 1927 1213 1992 interlineas
1234 1928 1369 2010 reperie-

301 2037 414 2102 bantur
442 2031 719 2112 interpretamenta
746 2029 788 2093 ad
810 2031 938 2095 verbum
960 2041 1056 2095 unum
1078 2033 1249 2116 alterumve
1271 2033 1371 2116 scrip-

300 2143 375 2208 toris
403 2135 622 2204 declarandum
654 2135 709 2200 eui
741 2135 781 2199 ad
812 2155 877 2200 rem
905 2151 1103 2219 personamus
1137 2137 1372 2222 significandam

295 2247 461 2330 adseripla,
484 2241 638 2306 interdum
660 2260 697 2304 ne
730 2243 932 2320 grammaiiea
963 2243 1086 2324 quidem
1108 2244 1207 2308 forma
1227 2241 1365 2306 adeon-

293 2357 415 2419 linuam
444 2347 613 2414 orationem
641 2346 873 2410 accommodata
897 2348 944 2422 (ui
965 2347 1169 2432 Saguntini
1191 2347 1257 2412 Liu.
1279 2345 1365 2423 XXI,

299 2462 349 2535 19,
372 2460 408 2533 9,
432 2453 511 2538 quod
532 2455 568 2516 nt
589 2451 719 2515 orationi
739 2451 954 2529 includeretur,
978 2453 1108 2518 debebat
1129 2471 1196 2519 esse
1219 2452 1365 2536 Sagun-

295 2566 427 2638 tinos,
460 2557 586 2624 Siculi
614 2555 677 2620 Cic.
707 2556 778 2620 Aet.
801 2557 816 2618 Ι
837 2556 869 2619 in
891 2559 977 2622 Verr.
1001 2559 1057 2633 533
1087 2557 1253 2622 emendati.
1277 2557 1364 2620 Livv.

297 2689 327 2752 p.
350 2668 439 2745 212„
475 2661 812 2743 ea·iuterpretamenta
833 2663 934 2726 seriba
955 2662 1132 2746 imprudens
1153 2663 1214 2744 ipsi
1234 2662 1367 2726 orationi

295 2771 463 2838 inserebat.
505 2767 691 2833 Huiusmodi
713 2770 761 2831 esi
782 2769 862 2848 apud
879 2768 1040 2832 Plalonem
1058 2787 1084 2832 r.
1108 2769 1138 2848 pL
1162 2767 1194 2830 II
1208 2787 1237 2849 p.
1254 2767 1317 2828 364
1339 2766 1366 2828 Ε

297 2882 328 2944 in
350 2879 399 2942 his
419 2874 536 2942 uerbis:
566 2866 609 2944 οἷς
635 2868 700 2953 ἄρα
723 2865 843 2964 λύσεις
859 2875 913 2938 καὶ
937 2874 1112 2958 καθαρμοὶ
1145 2863 1366 2954 α’θικημοῖταιιι

298 2979 353 3049 δια
378 2980 510 3046 θυσιῶν
533 2981 587 3043 καὶ
611 2978 750 3048 παιδιαῖς
772 2973 904 3062 ἡδονῶν
929 2979 1003 3054 οἶοί,
1026 2978 1207 3043 vocabulum
1229 2971 1365 3060 ἡδονῶν

297 3089 487 3169 adscriplum
514 3085 553 3149 ed
573 3085 724 3156 αιαιθιᾶς
746 3103 873 3160 nemen,
906 3103 965 3168 qno
985 3085 1052 3166 ipso
1072 3084 1222 3148 festorum
1244 3083 1366 3168 diemm

205 3213 208 3228 ·
300 3193 440 3258 hilaritas
463 3191 592 3256 ludicra.
610 3190 814 3273 significatum
852 3209 923 3253 nam
954 3206 1052 3270 neque
1086 3182 1207 3251 needed
1231 3180 1365 3276 ἦδοιώο

298 3315 396 3382 neque
427 3290 547 3379 ἦθοοοὶ
573 3296 712 3366 παιθιιὶς
733 3297 852 3359 reulum
873 3294 938 3371 esi,
971 3313 1009 3357 ne
1032 3293 1164 3375 quidde
1189 3293 1366 3374 aequalilate

298 3403 507 3470 membrorum
529 3401 630 3466 dicam
641 3403 673 3480 ¹).
722 3399 814 3482 Apud
835 3399 1035 3463 Plutarchum
1067 3398 1108 3462 in·
1128 3395 1247 3462 Theseo
1270 3416 1296 3461 ο.
1322 3398 1365 3460 34

299 3503 535 3591 (Ἀλέξανδρον
556 3512 621 3591 μὲν
643 3501 703 3571 adv
726 3512 762 3570 ἐκ
776 3505 946 3587 Θεσσαλίᾳ
973 3497 1084 3587 Πάριν
1101 3497 1161 3568 ὑπ’
1185 3496 1365 3588 Ἀχιλλέως

299 3617 354 3679 καὶ
387 3608 590 3696 Πατρόκλου
620 3606 713 3699 pedm
741 3609 967 3694 κρατηθῆναι)
1002 3609 1041 3674 ad
1063 3608 1231 3674 Alexandri
1252 3623 1364 3676 noman

300 3830 498 3840 -——---—-——.

316 3959 341 4030 ι)
373 3963 485 4017 Prorsus
508 3961 626 4016 eiusdem
654 3961 760 4032 generis
787 3961 829 4014 esi
852 3959 901 4015 τὸν
925 3961 1065 4030 τάρταρον
1087 3959 1252 4036 adscriptum
1271 3957 1306 4012 ud
1325 3961 1365 4022 εἰς

371 4050 423 4121 dm
440 4053 465 4107 X
483 4071 509 4124 p.
529 4057 580 4109 616
598 4053 630 4118 A,
649 4057 720 4108 reeta
742 4052 776 4108 ab
788 4052 947 4106 ilermanno
965 4053 1097 4108 notatum.
