2944 4660
315 255 354 318 52
755 255 816 312 Lib.
834 257 856 311 1.

275 451 307 515 si
335 451 459 533 possis
488 452 655 534 quidem,
688 451 797 518 velis.
850 449 919 514 Non
945 451 1103 540 intellecta
1126 451 1333 532 implicatione

271 557 433 620 verborum
460 559 492 621 et
512 543 739 640 'ne-quidem
762 555 802 620 ad
822 575 926 622 unum·
946 557 1073 636 possis
1095 559 1211 636 relato,
1237 558 1334 640 parti-

271 662 339 726 cula
360 661 574 728 condicionalis
593 661 785 745 transposita
806 663 854 725 est
876 659 984 725 ecdem
1007 661 1118 738 modo,
1149 681 1207 745 qao
1228 664 1259 728 in
1281 662 1334 727 Ci-

270 769 388 833 ceronis
410 769 545 834 oratione
576 768 766 854 prcMilone
788 767 828 830 32
852 765 969 830 factum
995 767 1027 842 id
1049 787 1116 832 esse
1139 768 1213 832 olim
1236 767 1333 832 docui.

269 874 338 938 Non
359 875 404 938 ita
424 891 491 938 raro
512 873 630 938 librarii
650 891 704 956 pre
733 875 863 954 potest
894 889 967 935 non
998 873 1150 953 (subiecto
1170 872 1331 949 infinitivo,

268 979 309 1042 ad
330 997 422 1061 quem
443 978 751 1062 negatio'pertineat)
780 995 851 1042 non
878 977 1009 1059 potest
1029 975 1223 1060 scripserunt
1237 977 1333 1064 (quod

267 1085 413 1150 mendum
434 1085 467 1148 in
489 1083 641 1148 Ciceronis
669 1083 847 1166 Philippicis
872 1102 891 1147 a
912 1083 1053 1159 Mureto,
1090 1083 1164 1148 alibi
1194 1084 1233 1148 ab
1255 1082 1332 1146 aliis

268 1193 438 1255 correctum
461 1190 539 1272 est);
565 1191 658 1253 etiam
674 1187 755 1269 apud
770 1186 919 1252 Senecam
935 1189 1056 1268 quaestt.
1072 1190 1134 1252 nat.
1153 1185 1219 1261 Vll,
1236 1189 1285 1264 25,
1301 1188 1332 1264 2,

265 1297 319 1360 ubi
341 1283 498 1360 scribitur:
530 1294 621 1358 adeo
644 1293 766 1359 animo
788 1311 859 1356 nen
879 1293 1017 1373 potest
1036 1294 1185 1376 liquere
1207 1292 1249 1356 de
1271 1310 1332 1356 ce·

265 1399 362 1464 teris
383 1399 512 1476 rebus,
541 1402 587 1462 nt
608 1397 733 1461 adhuc
757 1397 900 1479 ipsese
922 1399 1078 1480 querat,
1109 1399 1200 1464 scribi
1223 1397 1330 1462 debet:

266 1505 357 1568 adeo
385 1504 512 1568 animo
539 1505 667 1585 potest
698 1521 768 1566 non
800 1502 968 1585 liquere3
1001 1505 1058 1568 hoc
1091 1503 1173 1568 enim
1195 1503 1331 1579 docetur,

265 1599 439 1674 mirandum
482 1615 542 1672 n'on
575 1628 661 1686 esse,
695 1609 721 1674 si
757 1607 888 1672 animus
917 1609 955 1672 de
984 1609 1053 1674 aliis
1085 1627 1209 1691 quoque
1238 1609 1330 1674 rebus

264 1714 384 1778 dubitet
404 1733 460 1778 neo
481 1717 596 1779 certam
618 1713 806 1780 sententiam
833 1714 959 1790 habeat,
988 1734 1048 1779 non
1069 1717 1214 1797 negatur,
1242 1713 1330 1794 quio-

264 1839 355 1908 quarn
377 1819 515 1884 animum
537 1820 615 1883 scire
636 1837 741 1903 possm
770 1837 830 1883 nec
861 1819 893 1881 in
908 1843 913 1852 ·
926 1835 963 1882 ea
983 1837 1016 1883 re
1033 1819 1161 1884 ¹Seneca
1181 1819 1329 1901 liquere

262 1924 422 2005 posuisset,
446 1926 526 2006 quod
547 1927 579 1989 in
601 1927 658 1990 hao
678 1925 787 1990 incerti
808 1923 914 1988 iudicii
937 1923 1158 2007 significatione
1174 1925 1329 2006 propriam

261 2029 355 2093 habet
375 2030 490 2094 sedem.
595 2043 599 2054 '
1218 2055 1220 2062 ·

345 2135 381 2198 In
398 2135 510 2216 quinta
534 2135 644 2200 erroris
667 2136 765 2200 classe
780 2134 1094 2200 accommodationem
1115 2121 1202 2216 posui
1222 2133 1328 2218 gram-

262 2238 429 2316 maticam,
466 2259 532 2322 quse
565 2241 622 2318 fit,
649 2260 718 2306 cum
742 2242 913 2316 librarius,
946 2240 985 2304 ad
1018 2242 1115 2304 totam
1138 2240 1325 2306 sententiam

260 2362 320 2407 non
356 2346 507 2423 attemps,
546 2365 638 2412 voees
688 2347 805 2440 vicinas
844 2349 876 2412 et
917 2346 1076 2410 continuas
1116 2347 1171 2410 aut
1212 2345 1325 2410 saltem

260 2467 321 2513 non
353 2447 444 2533 longe
476 2451 621 2527 dissitas,
656 2453 710 2516 sed
743 2453 945 2536 grammatice
977 2452 1155 2533 separatae,
1194 2452 1323 2516 obscuro

260 2553 355 2618 animi
387 2557 472 2619 motu
503 2557 651 2638 tanquam
682 2558 885 2641 grammatice
908 2557 1075 2638 copulatas
1106 2557 1204 2622 forma
1226 2563 1323 2635 (casu,

258 2677 394 2737 numero,
416 2679 537 2744 genere,
558 2681 703 2744 persona,
730 2663 836 2747 modo)
863 2664 980 2728 similes
993 2659 1123 2740 reddit,
1154 2661 1323 2742 baerentem

258 2784 299 2828 ex·
314 2766 412 2848 priore
432 2767 464 2830 in
491 2767 594 2831 animo
623 2767 754 2834 formem
785 2769 825 2834 ad
840 2781 842 2786 “
857 2768 1003 2833 alteram
1017 2768 1072 2834 aut
1104 2766 1197 2850 (quod
1222 2767 1322 2830 rarius

227 2923 229 2928 .
256 2871 305 2949 fit)
319 2873 505 2952 praeceptam
526 2891 562 2936 ex
582 2874 747 2954 posteriore
769 2874 808 2938 ad
830 2875 962 2956 priorem
982 2859 1181 2938 transferens.
1213 2873 1322 2957 Itaque

255 2976 437 3040 coniectura
460 2977 611 3058 quoddam
633 2979 689 3042 hoc
711 2979 742 3040 et
762 2977 1007 3060 interpolationis
1027 2977 1151 3044 initium
1174 2976 1237 3052 est,
1266 2975 1321 3040 sed

255 3081 300 3145 ita
321 3082 484 3145 obscurum
506 3084 538 3146 et
559 3097 578 3147 a
599 3083 723 3148 consilio
743 3083 960 3164 voluntateque
982 3084 1164 3160 seiunctum,
1186 3083 1223 3146 ut
1239 3082 1322 3146 inter

256 3185 409 3250 scribendi
429 3205 545 3254 errores
565 3189 720 3254 numerari
742 3187 860 3252 debeat.
898 3188 968 3252 Diri
989 3187 1027 3252 de
1048 3189 1112 3252 tcto
1133 3187 1190 3252 hoo
1209 3205 1321 3270 genere

256 3291 423 3356 emendati.
456 3289 522 3357 Lir.
551 3311 581 3374 p.
613 3294 652 3355 10
678 3294 723 3376 (et
745 3293 813 3357 aliis
835 3294 928 3370 locis,
962 3311 1035 3375 quos
1062 3292 1153 3356 index
1174 3286 1319 3368 ostendit,

255 3396 395 3478 quadam
417 3395 547 3478 addidi),
582 3416 734 3480 quamque
765 3398 828 3462 late
857 3399 992 3480 pateret,
1029 3415 1122 3479 quam
1157 3397 1319 3462 nonnullos

254 3519 351 3584 nuper
365 3543 367 3548 ,
381 3501 514 3567 editores
548 3502 727 3579 fefellisset,
756 3493 920 3567 declaravi.
968 3504 1076 3585 Itaque
1109 3503 1166 3566 hoc
1191 3502 1257 3564 loco
1280 3500 1318 3565 de

253 3605 371 3690 Latinis
401 3607 533 3672 breviori
561 3607 639 3671 mihi
667 3611 746 3674 ease'
763 3607 846 3672 licet
894 3607 1048 3674 Adiectivi
1079 3609 1133 3674 aut
1162 3605 1319 3689 participii

253 3697 443 3775 substantivo
474 3731 534 3776 non
562 3731 616 3776 suo
645 3713 867 3778 accommodati
893 3713 926 3778 in
955 3713 1093 3779 Platonis
1119 3713 1237 3797 legibus
1264 3729 1317 3774 ex-

253 3815 388 3896 emplum
420 3818 619 3882 memorabile
650 3818 727 3900 port,
753 3817 814 3880 alia
849 3817 1014 3882 emendata
1045 3820 1142 3884 restat
1173 3819 1205 3882 in
1235 3817 1316 3882 libro

251 3919 313 3982 ΧΠ
334 3939 362 4002 p.
387 3920 446 3982 967
469 3922 507 3999 A,
529 3922 581 3985 ubi
604 3922 642 3986 de
664 3922 847 3988 astrcmmis
870 3923 962 4006 vulgo
979 3924 1012 3988 in
1029 3923 1199 4005 impietatis
1214 3923 1315 4006 suspi-

251 4015 368 4089 cioneni
401 4026 515 4089 vocatis
539 4027 594 4092 ita
629 4028 788 4093 scribitur:
828 4032 860 4094 οἱ
895 4033 961 4112 μὲν
993 4023 1058 4115 yo'p
1095 4033 1139 4104 (οἱ
1176 4017 1313 4104 πολλοὶ)
