2952 4668
310 273 372 338 614
741 272 802 327 mu.
821 273 854 329 v.

269 491 338 556 eam
375 489 501 554 operam
534 470 589 552 slii
621 469 806 552 suscipiant3
846 488 914 554 ego,
955 489 1022 552 quse
1062 470 1129 554 ipso
1175 471 1338 538 emendavi

269 587 321 650 (-
342 577 475 658 plurima
500 577 613 652 autem,
636 595 706 640 enm
727 576 884 640 Duebneri
906 575 1045 659 exemplo
1067 595 1095 641 s.
1119 576 1200 640 1856
1222 580 1335 656 uterer,

269 679 496 760 adnotaveram,
518 702 586 766 quae
607 684 715 766 postea
736 682 799 746 vidi
820 683 967 766 occupata
989 685 1053 760 —)‚
1075 699 1186 764 poucm
1208 702 1245 748 ea
1267 683 1339 748 bre-

268 790 374 864 vitate,
397 783 457 871 qun
484 789 530 852 uti
552 788 640 854 decet
660 790 692 852 in
714 788 817 866 libris,
846 808 922 872 quos
944 788 1043 870 pauci,
1069 787 1228 852 nonnullos
1256 807 1336 869 pou-

269 895 385 962 cissimi
424 895 541 978 legent.
594 894 767 958 Minoribus
808 896 914 960 nutem
957 895 1064 961 multis
1097 895 1338 960 correctionibus

269 1001 475 1064 intereununt
506 1000 539 1064 in
568 998 744 1064 huiusmodi
778 1000 900 1082 seriptis
934 1000 1012 1074 cliae,
1046 1019 1113 1084 quse
1145 1000 1335 1085 voluptatem

268 1104 422 1188 quandum
444 1105 559 1168 hebent
580 1108 612 1169 et
632 1123 718 1188 paene
743 1103 870 1170 dixerim
904 1103 1098 1188 splendorem
1123 1124 1159 1170 ex
1180 1109 1338 1172 sententis

267 1210 462 1292 orationeque
496 1211 528 1274 et
561 1210 662 1276 uerbis
692 1232 817 1294 prorsus
849 1210 937 1280 novis
969 1213 1001 1274 et
1030 1199 1274 1294 elegantibus'et
1294 1214 1336 1278 ad

267 1315 400 1399 speeiem
421 1316 511 1398 longe
533 1316 661 1380 remotis
683 1318 791 1404 exigua
811 1318 987 1383 litterarum
1009 1318 1179 1382 mutatione
1204 1319 1336 1386 effectis.

267 1421 329 1486 Ubi
342 1420 622 1486 animadversiones
631 1421 862 1506 Wyttenbachii
875 1423 1032 1500 deficiunt,
1041 1423 1131 1488 facile
1142 1423 1210 1488 ficri
1221 1428 1335 1506 potest

266 1529 301 1592 ut
316 1528 465 1610 occupata
478 1527 516 1592 ab
535 1525 604 1590 aliis
617 1527 776 1599 annotem,
797 1527 943 1608 quoniam
964 1530 1075 1610 praeter
1097 1529 1187 1594 notus
1210 1530 1334 1614 cht

266 1633 428 1698 teubnchio
451 1633 606 1696 contextui
632 1633 785 1696 subiectas
813 1633 844 1696 et
873 1633 1031 1700 Duebneri
1061 1625 1234 1716 exemplum
1256 1636 1338 1700 alios

266 1759 362 1804 nune.
377 1739 568 1821 pervolutare
604 1739 700 1803 libros
739 1756 837 1818 operae
873 1739 1006 1822 pretium
1046 1742 1147 1806 visum
1180 1759 1240 1806 non
1275 1747 1332 1808 est.

267 1844 523 1928 Inscriptionibus
545 1844 693 1908 librorum
714 1844 783 1908 utor
804 1845 924 1910 Latinis
938 1843 1037 1930 'uulgo
1057 1845 1197 1928 receptis.

367 1950 412 2015 Ilo
434 1945 603 2016 audiendis
630 1949 733 2036 poetis
757 1969 782 2014 c.
807 1953 823 2010 1
846 1971 876 2032 p.
906 1951 946 2012 15
969 1951 1054 2028 D¹):
1089 1953 1177 2036 κηρῷ
1200 1979 1267 2018 τινι
1290 1949 1333 2018 co*

267 2047 334 2120 uiuo
358 2049 506 2141 oc’ce'youpr
530 2045 838 2128 καταπλάσσοντες.
894 2057 1075 2122 Ducbncrus
1090 2073 1125 2124 ‘e
1155 2059 1333 2124 codicibus:

268 2163 354 2248 κηρῷ
388 2188 416 2226 c.
455 2187 483 2224 τ.
520 2153 589 2228 ἀνα
625 2163 682 2226 καὶ
726 2155 872 2247 οἶκὲχκκῷ
916 2165 1003 2248 κηρῷ
1048 2165 1191 2228 uocaui..
1250 2164 1331 2230 Seu:

267 2268 430 2353 σκληρῷ
453 2293 520 2334 τινι
543 2293 572 2334 ο.
595 2259 630 2334 ἀ.
654 2268 708 2332 καὶ
732 2261 784 2332 ἀν.
808 2270 895 2354 κηρῷ
921 2271 1064 2334 eccuni.

366 2373 432 2438 Ibd.
455 2375 474 2436 2
496 2395 525 2457 p.
549 2375 587 2435 16
611 2373 652 2438 0:
682 2371 775 2459 λόγοι
804 2368 857 2440 ἀεὶ
892 2379 1088 2460 κεχρημένοι
1112 2371 1205 2460 eropon*
1230 2401 1334 2459 ποιη-

266 2479 372 2564 τικῆς,
397 2471 509 2564 ὥσπερ
532 2475 662 2565 ὄχημα,
694 2476 756 2546 τάν
778 2478 882 2566 ὄγκον
904 2483 958 2546 καὶ
981 2476 1019 2546 τό
1041 2486 1178 2565 μέτρον.
1221 2483 1336 2550 Scrib.t

267 2575 523 2672 κιχράμενοι,
546 2595 724 2652 κιαικακκοο.

365 2691 432 2759 Ibd.
455 2691 475 2752 4
498 2710 528 2772 p.
551 2693 588 2752 21
611 2691 653 2754 B:

397 2791 518 2868 Δεινός
539 2791 604 2881 χάρ
627 2805 743 2882 ε”ρνιοιν
766 2783 917 2872 π’λούνος
938 2809 970 2876 ἔς
993 2829 1029 2868 τε
1053 2800 1187 2888 edoma

400 2903 454 2966 uui
478 2899 565 2986 πρός
589 2897 630 2968 roi
652 2899 761 2987 βατά·
787 2905 840 2969 καὶ
864 2895 1000 2970 ὁπόθεν
1024 2909 1129 2989 πένης
1153 2899 1240 2991 ἀνήρ

400 3001 473 3073 crr'd'
495 3009 641 3095 ἐντυχών
663 3004 792 3075 δύναιτ’
815 3004 871 3086 ἀν,
894 2999 939 3075 ὧν
962 3013 1032 3095 ἐρᾷ,
1054 3025 1176 3098 τυχεῖν.

365 3113 480 3179 Versus
502 3118 575 3182 sunt
600 3116 755 3198 Sophoclis
779 3136 814 3182 er
836 3115 973 3190 Arsacis,
995 3117 1108 3180 servati
1131 3119 1227 3184 etiem
1249 3121 1332 3203 apud

267 3355 464 3364 ———-—..

335 3523 443 3586 χωρεῖν.
480 3516 510 3572 C.
530 3519 565 3572 28
588 3520 655 3572 extr.
680 3535 707 3588 p.
730 3518 823 3576 49511
843 3519 1001 3577 Duebnerus
1025 3518 1205 3587 ἀτοπωτέραν
1223 3537 1237 3574 c
1256 3521 1330 3576 codi-

310 3665 313 3674 ,
335 3609 417 3670 cibus,
436 3613 468 3663 ut
486 3609 599 3672 ridetur,
619 3626 673 3663 non
691 3614 766 3666 recto
781 3629 828 3680 pro
847 3613 1021 3682 ἀτοπώτερον
1040 3613 1139 3682 posuit,
1158 3615 1226 3674 0⁴37
1240 3614 1267 3682 pl
1275 3617 1325 3670 431

335 3687 475 3756 dedidit:
498 3703 536 3755 EI
552 3697 577 3754 δ’
597 3698 734 3770 ἀλλαχόθι
754 3725 818 3768 που,
837 3701 889 3759 κάν
907 3711 954 3776 τῆς
973 3705 1156 3774 Ἀκαδημίας.
1176 3722 1236 3760 cum
1256 3711 1327 3762 reolo

335 3794 484 3864 superiores
510 3791 653 3846 haberent:
696 3797 734 3848 Εἰ
765 3796 795 3852 δὲ
822 3786 961 3868 ἀλλαχόθι
1000 3820 1062 3860 πον,
1094 3797 1244 3856 κάνταῦθα
1274 3805 1325 3870 τῆς

334 3884 521 3958 Ἀκαδημίας.
656 3863 661 3881 Ι
1170 3879 1172 3886 ‚

299 3978 317 4058 ¹.)
337 3979 500 4047 Paginsrunr
524 3955 654 4034 numeros
684 3979 842 4050 litterasque
875 3981 944 4036 addo
974 3986 1097 4047 tanturn,
1125 3983 1173 4038 ubi
1204 3983 1327 4058 longiore

335 4071 424 4140 capito
443 4073 507 4124 sunt
525 4075 552 4126 et
569 4071 642 4126 loeus
661 4071 694 4126 ub
713 4073 793 4128 initio
811 4073 909 4144 ospitis
921 4075 1028 4146 longius
1046 4078 1176 4132 remotus.
