2994 4672
268 278 330 338 472
695 275 755 331 Lib.
773 276 827 334 ΠΙ.

229 495 300 540 oum
326 495 386 540 nno
411 476 527 554 auditu,
556 477 611 542 sed
637 493 707 540 oum
728 474 868 564 omnibus
890 476 1029 540 sensibus
1051 477 1242 558 comparetur
1262 479 1294 540 et

228 581 284 646 illa
304 582 429 666 partitio
452 577 473 664 ἡ
495 587 591 666 μὲν.
618 627 626 644 .
649 632 657 646 .
680 573 702 664 ἡ
725 581 758 644 δὲ
782 579 821 642 ed
842 582 1017 646 universum
1040 600 1184 645 sensuum
1206 599 1293 645 men-

229 688 346 753 tionem
368 687 506 776 ¹refertur.
528 688 679 754 Additum
700 687 749 750 est
769 681 791 768 ἡ
812 678 898 770 α’κοή
920 687 1044 770 propter
1066 688 1131 751 καί.
1213 773 1216 780 Ι

332 794 398 858 lbd.
420 813 445 858 o.
472 797 510 854 10
539 816 567 878 p.
601 794 662 854 422
686 809 705 856 a
725 792 755 874 (ἓ
781 792 813 870 3)
835 791 968 874 primurn
987 792 1094 872 ,oratio
1126 795 1170 858 sio
1197 794 1293 858 inter'·

232 899 407 981 pungenda:
452 896 563 986 ὥοπερ
603 895 668 986 χοὶρ
713 892 732 964 ὁ
766 892 889 982 μικρός
925 891 1036 980 ψόφος
1071 893 1293 983 α’νὴκοοστος,

231 998 361 1086 τρόπον
393 1000 470 1069 τινα
509 1007 562 1070 καὶ
599 999 618 1070 o‘
649 1007 757 1090 μέγας
792 1029 829 1068 ss
863 1004 917 1068 nui
954 995 973 1068 (i
1007 1007 1133 1090 βίαιος.
1194 1005 1293 1098 Vulgo

234 1127 355 1174 comme
388 1110 571 1178 transfertur
600 1112 672 1194 post
706 1103 835 1194 τρόπον
866 1101 953 1187 τινα.
1010 1109 1183 1194 Sequuntur
1214 1109 1292 1174 haee:

233 1208 381 1298 α’όρατον
404 1216 436 1280 δὲ
462 1211 500 1281 τό
523 1221 587 1300 μὲν
609 1213 694 1290 ὅλως
715 1219 859 1302 λέγεται,
883 1211 996 1298 ὥοπερ
1030 1219 1084 1282 καὶ
1108 1209 1159 1280 ἐπ’
1182 1212 1294 1280 ἄλλων

234 1319 272 1386 τό
304 1315 491 1396 α’δύνατον,
523 1317 561 1386 τό
596 1314 625 1386 δ’
655 1318 715 1388 ἐοῖν
747 1316 897 1407 πεφυκός
919 1317 969 1404 μή
1004 1332 1060 1408 ὲχῃ
1091 1349 1112 1405 η
1147 1315 1294 1406 φαύλας,

233 1425 346 1512 ὥσπερ
380 1426 418 1494 τό
443 1424 557 1492 ἄπουν
589 1427 643 1492 καὶ
676 1423 713 1492 τό
747 1421 935 1512 α’πύρηνον.
978 1427 1128 1492 Videntur
1160 1429 1295 1513 separari

234 1535 371 1600 absolute
400 1532 554 1600 invisibile
584 1538 633 1609 (-
657 1533 690 1598 in
719 1534 884 1600 Aristotele
915 1535 1008 1600 lioere
1043 1531 1134 1600 debet
1167 1536 1294 1600 barbare

231 1638 315 1724 loqui
338 1649 390 1716 -)
423 1633 473 1718 (τό
508 1641 585 1722 μὲν)
616 1640 649 1702 et
679 1658 772 1722 prope
803 1640 955 1704 invisibile
990 1635 1041 1718 (τό
1077 1632 1127 1717 δ’).
1179 1642 1295 1706 Verum

233 1745 312 1826 quod
335 1745 372 1808 de
393 1746 452 1810 hoe
472 1746 604 1829 ponitur,
627 1744 822 1828 apertissime
852 1746 1015 1828 utrumque
1049 1747 1294 1828 comprehendit:

233 1847 294 1916 ἐάν
314 1847 364 1936 μή
389 1848 618 1936 responderim
641 1851 802 1928 (absolute)
829 1843 853 1934 ἢ
880 1843 1016 1934 φαύλως
1036 1852 1083 1930 (ut
1102 1871 1195 1934 prope
1216 1852 1295 1917 invi·

233 1957 322 2024 sibile
351 1959 420 2035 sit);
454 1960 487 2022 et
522 1957 630 2022 eodem
665 1958 821 2037 pertinent
855 1956 977 2022 adiectu
1008 1956 1064 2021 ills
1097 1952 1209 2040 ὥσπερ
1239 1958 1293 2022 καὶ

233 2057 286 2128 ἐπ’
313 2060 424 2156 ἄλλον
451 2060 489 2130 τό
524 2055 706 2132 α’δύνατον,
741 2082 807 2144 qnae
839 2063 1012 2146 significent
1042 2064 1136 2128 etiem
1162 2064 1195 2128 iu
1225 2063 1296 2129 eliis

232 2169 322 2235 rebus
345 2165 383 2235 τό
408 2163 582 2236 α’δύνααον
613 2187 675 2232 non
697 2187 818 2252 semper
848 2169 985 2234 absolute
1012 2169 1082 2234 diei.
1126 2169 1297 2251 Scripserut

232 2274 414 2342 Austoteles
440 2279 506 2342 aut:
529 2267 678 2358 οἷόρααον
701 2275 734 2340 δὲ
757 2272 840 2346 ὅλως
863 2276 1007 2360 λέγεται,
1031 2271 1143 2360 ὥοπερ
1163 2277 1217 2341 καὶ
1241 2268 1295 2340 ἐπ’

232 2376 344 2446 ἄλλων
365 2377 402 2448 τό
436 2376 620 2456 detonsos,
651 2378 752 2448 ὅταν
785 2374 1040 2464 (asteismo
1063 2377 1295 2468 responderim

233 2481 256 2571 ἤ
279 2485 426 2571 φαύλως,
448 2486 562 2572 ὥσπερ
586 2515 614 2554 ν.
637 2514 665 2553 τ.
685 2490 726 2563 i„
747 2488 801 2549 aut
821 2487 973 2551 similiter.

312 2595 398 2661 .Ibd.
420 2617 443 2661 ο.
467 2597 503 2658 11
528 2618 558 2680 p.
580 2597 642 2658 424
670 2594 832 2677 a(§12):
866 2584 1076 2688 &wensonis
1104 2586 1294 2660 insistite

230 2695 358 2784 posonio
384 2709 459 2788 ἔχον
494 2701 645 2785 πάμπαν
678 2694 845 2784 διαφοράν
878 2699 947 2762 τών
976 2692 1108 2774 οἷπτών,
1139 2697 1213 2766 οἷον
1235 2705 1295 2765 πέ-

231 2801 397 2872 πονθονὸ
419 2802 499 2893 α’ἠρ,
524 2811 579 2874 καὶ
602 2808 669 2872 τῶν
691 2800 810 2870 α’πτών
832 2809 867 2869 αἱ
891 2799 1092 2890 ὑπερβολαὶ,
1115 2803 1228 2890 ὥσπερ
1252 2803 1294 2874 τοὶ

231 2905 415 2996 φθαροινά.
466 2913 553 2978 Nihil
579 2915 639 2978 buo
671 2911 823 2996 pertinere
854 2911 975 2976 videtur
996 2911 1170 2978 differentia
1192 2913 1295 2998 tangi-

230 3021 339 3086 billum
371 3022 425 3084 aut
452 3020 626 3084 differentia
650 3019 689 3083 ab
716 3017 785 3082 eliis
818 3011 1033 3100 tangibilibus,
1072 3021 1127 3084 sed
1159 3019 1295 3104 intangi-

230 3125 334 3192 bilites
355 3125 420 3190 haeo
450 3143 508 3188 non
529 3124 669 3188 absoluta
690 3123 811 3206 (exigue
830 3122 1034 3205 tangibilitos)
1056 3141 1181 3188 eausam
1201 3125 1296 3192 hebet

231 3232 372 3316 exiguum
399 3228 604 3294 differentiam
630 3229 690 3306 rei,
724 3247 792 3311 quse
814 3227 970 3312 tangenda
990 3231 1057 3294 erat
1078 3232 1125 3308 (ut
1146 3229 1254 3307 aeris),
1276 3248 1296 3294 u

230 3336 441 3422 tangentibus;
464 3353 538 3398 nam
559 3352 665 3400 sensus
686 3335 879 3400 nascituros
901 3334 1072 3400 differentis
1095 3337 1126 3400 et
1140 3335 1264 3400 oonlliot
1286 3386 1294 3402 .

231 3440 434 3507 Scribendum
454 3440 565 3524 igitur:
598 3436 727 3525 ρνικροὶν
757 3451 832 3528 ἔχον
863 3434 1014 3524 πάμπαν
1038 3435 1204 3525 διαφοράν
1226 3443 1295 3506 τῶν

204 3539 455 3626 ‘duriorum
1090 3589 1095 3598 ·

329 3653 396 3718 Lib.
427 3653 476 3716 ΠΙ
498 3670 524 3716 ο.
547 3653 562 3712 1
596 3671 626 3734 p.
650 3653 711 3714 424
743 3653 764 3718 b
784 3655 816 3734 (ξ
842 3655 881 3728 l).
924 3651 1105 3736 Interpungi
1129 3651 1227 3716 oratio
1250 3651 1294 3714 iio

229 3759 335 3824 debet:
358 3761 404 3824 Ei
424 3751 488 3843 γαρ
512 3752 654 3832 παντὸς,
676 3745 717 3824 οὗ
739 3759 830 3823 ἐστὶν
851 3761 1024 3843 αἴσθησις,
1047 3749 1131 3842 οἲφή,
1155 3759 1209 3822 καὶ
1228 3758 1294 3821 νῦν

230 3866 393 3948 αἴσθησιν
426 3872 547 3950 ἔχομεν
581 3889 617 3928 ν..
641 3889 671 3928 ν.
699 3865 727 3929 λ.
770 3863 880 3930 Audin·
902 3867 993 3932 ἐστὶν
1014 3865 1149 3947 apparet.
1193 3863 1293 3947 Vulgo

230 3972 386 4038 scribitur:
410 3959 451 4037 οἱ
473 3974 565 4038 ἐστὶν
587 3974 748 4058 αἴσθησις
769 3963 850 4055 ιῖφή.
