<?xml version="1.0" encoding="UTF-8"?>
<!DOCTYPE html PUBLIC "-//W3C//DTD XHTML 1.0 Transitional//EN"
    "http://www.w3.org/TR/xhtml1/DTD/xhtml1-transitional.dtd">
<html xmlns="http://www.w3.org/1999/xhtml" xml:lang="en" lang="en">
 <head>
  <title>
</title>
<meta http-equiv="Content-Type" content="text/html;charset=utf-8" />
  <meta name='ocr-system' content='tesseract 3.04.00' />
  <meta name='ocr-capabilities' content='ocr_page ocr_carea ocr_par ocr_line ocrx_word'/>
</head>
<body>
  <div class='ocr_page' id='page_1' title='image "./adversariacriti02madvgoog_0132.png"; bbox 0 0 2954 4664; ppageno 0'>
   <div class='ocr_carea' id='block_1_1' title="bbox 520 247 1151 355">
    <p class='ocr_par' dir='ltr' id='par_1_1' title="bbox 520 247 1151 355">
     <span class='ocr_line' id='line_1_1' title="bbox 520 247 1151 355; baseline 0.003 -27"><span class='ocrx_word' id='word_1_1' title='bbox 520 247 540 355; x_wconf 27' lang='grc' dir='ltr'>Ἰ</span> <span class='ocrx_word' id='word_1_2' title='bbox 614 275 675 331; x_wconf 75' lang='lat' dir='ltr'>niu.</span> <span class='ocrx_word' id='word_1_3' title='bbox 694 279 714 331; x_wconf 88' lang='lat' dir='ltr'>r.</span> <span class='ocrx_word' id='word_1_4' title='bbox 1092 269 1151 330; x_wconf 84' lang='lat'>117</span> 
     </span>
    </p>
   </div>
   <div class='ocr_carea' id='block_1_2' title="bbox 132 467 1194 1184">
    <p class='ocr_par' dir='ltr' id='par_1_2' title="bbox 132 467 1194 1184">
     <span class='ocr_line' id='line_1_2' title="bbox 133 467 1193 556; baseline 0.004 -24"><span class='ocrx_word' id='word_1_5' title='bbox 133 467 292 534; x_wconf 83' lang='lat' dir='ltr'>Juvenalis</span> <span class='ocrx_word' id='word_1_6' title='bbox 314 469 376 545; x_wconf 82' lang='lat' dir='ltr'>XL.</span> <span class='ocrx_word' id='word_1_7' title='bbox 394 471 441 548; x_wconf 83' lang='lat'>12,</span> <span class='ocrx_word' id='word_1_8' title='bbox 466 467 647 556; x_wconf 79' lang='lat' dir='ltr'>egregius</span> <span class='ocrx_word' id='word_1_9' title='bbox 663 471 875 552; x_wconf 78' lang='lat' dir='ltr'>comparativo</span> <span class='ocrx_word' id='word_1_10' title='bbox 897 470 997 554; x_wconf 85' lang='lat' dir='ltr'>gradu</span> <span class='ocrx_word' id='word_1_11' title='bbox 1015 469 1193 536; x_wconf 78' lang='lat' dir='ltr'><strong>adverbium</strong></span> 
     </span>
     <span class='ocr_line' id='line_1_3' title="bbox 133 564 1194 660; baseline 0.004 -24"><span class='ocrx_word' id='word_1_12' title='bbox 133 573 465 660; x_wconf 81' lang='lat' dir='ltr'>posuit.·(llgregior</span> <span class='ocrx_word' id='word_1_13' title='bbox 477 571 654 642; x_wconf 86' lang='lat' dir='ltr'>Lucretium</span> <span class='ocrx_word' id='word_1_14' title='bbox 677 564 787 640; x_wconf 80' lang='lat' dir='ltr'>diuisse</span> <span class='ocrx_word' id='word_1_15' title='bbox 809 577 915 640; x_wconf 91' lang='lat' dir='ltr'>notum</span> <span class='ocrx_word' id='word_1_16' title='bbox 937 577 998 652; x_wconf 82' lang='lat' dir='ltr'>est3</span> <span class='ocrx_word' id='word_1_17' title='bbox 1020 575 1081 640; x_wconf 84' lang='lat' dir='ltr'>vid.</span> <span class='ocrx_word' id='word_1_18' title='bbox 1104 575 1194 640; x_wconf 83' lang='lat' dir='ltr'>Nouii</span> 
     </span>
     <span class='ocr_line' id='line_1_4' title="bbox 133 675 1192 770; baseline 0.006 -28"><span class='ocrx_word' id='word_1_19' title='bbox 133 678 325 744; x_wconf 87' lang='lat' dir='ltr'>Lateinisohe</span> <span class='ocrx_word' id='word_1_20' title='bbox 336 681 550 746; x_wconf 80' lang='lat' dir='ltr'>Formenlehre</span> <span class='ocrx_word' id='word_1_21' title='bbox 563 680 595 746; x_wconf 91' lang='lat' dir='ltr'>Il</span> <span class='ocrx_word' id='word_1_22' title='bbox 606 699 637 770; x_wconf 63' lang='grc' dir='ltr'>ρ.ι</span> <span class='ocrx_word' id='word_1_23' title='bbox 650 679 715 755; x_wconf 81' lang='lat'>81.)</span> <span class='ocrx_word' id='word_1_24' title='bbox 754 680 860 746; x_wconf 84' lang='lat' dir='ltr'>Tacito</span> <span class='ocrx_word' id='word_1_25' title='bbox 873 682 1056 766; x_wconf 71' lang='lat' dir='ltr'>adiungatur</span> <span class='ocrx_word' id='word_1_26' title='bbox 1067 675 1192 754; x_wconf 85' lang='lat' dir='ltr'>Seneca,</span> 
     </span>
     <span class='ocr_line' id='line_1_5' title="bbox 133 783 1193 870; baseline 0.003 -22"><span class='ocrx_word' id='word_1_27' title='bbox 133 784 182 866; x_wconf 87' lang='lat' dir='ltr'>qui</span> <span class='ocrx_word' id='word_1_28' title='bbox 205 783 296 866; x_wconf 91' lang='lat' dir='ltr'>epist.</span> <span class='ocrx_word' id='word_1_29' title='bbox 323 785 371 860; x_wconf 78' lang='lat'>26,</span> <span class='ocrx_word' id='word_1_30' title='bbox 394 787 412 850; x_wconf 90' lang='lat'>8</span> <span class='ocrx_word' id='word_1_31' title='bbox 435 786 570 852; x_wconf 75' lang='lat' dir='ltr'><strong>debitam</strong></span> <span class='ocrx_word' id='word_1_32' title='bbox 591 783 709 850; x_wconf 85' lang='lat' dir='ltr'>Lucilro</span> <span class='ocrx_word' id='word_1_33' title='bbox 732 803 767 850; x_wconf 87' lang='lat' dir='ltr'>er</span> <span class='ocrx_word' id='word_1_34' title='bbox 787 787 939 869; x_wconf 87' lang='lat' dir='ltr'>promisso</span> <span class='ocrx_word' id='word_1_35' title='bbox 961 789 991 852; x_wconf 92' lang='lat' dir='ltr'>in</span> <span class='ocrx_word' id='word_1_36' title='bbox 1013 805 1193 870; x_wconf 85' lang='lat' dir='ltr'>unaquaque</span> 
     </span>
     <span class='ocr_line' id='line_1_6' title="bbox 133 889 1194 974; baseline 0.004 -22"><span class='ocrx_word' id='word_1_37' title='bbox 133 889 262 970; x_wconf 90' lang='lat' dir='ltr'>epistola</span> <span class='ocrx_word' id='word_1_38' title='bbox 297 893 418 958; x_wconf 87' lang='lat' dir='ltr'>acutam</span> <span class='ocrx_word' id='word_1_39' title='bbox 455 894 486 956; x_wconf 93' lang='lat' dir='ltr'>et</span> <span class='ocrx_word' id='word_1_40' title='bbox 517 891 630 958; x_wconf 90' lang='lat' dir='ltr'>bonam</span> <span class='ocrx_word' id='word_1_41' title='bbox 666 890 828 972; x_wconf 88' lang='lat' dir='ltr'>superioris</span> <span class='ocrx_word' id='word_1_42' title='bbox 862 893 989 958; x_wconf 88' lang='lat' dir='ltr'>alicuius</span> <span class='ocrx_word' id='word_1_43' title='bbox 1023 891 1194 974; x_wconf 85' lang='lat' dir='ltr'>philosophi</span> 
     </span>
     <span class='ocr_line' id='line_1_7' title="bbox 132 995 1193 1080; baseline 0.004 -22"><span class='ocrx_word' id='word_1_44' title='bbox 132 1013 244 1068; x_wconf 86' lang='lat' dir='ltr'>rocem,</span> <span class='ocrx_word' id='word_1_45' title='bbox 269 1013 345 1078; x_wconf 88' lang='lat' dir='ltr'>quas</span> <span class='ocrx_word' id='word_1_46' title='bbox 364 995 491 1078; x_wconf 84' lang='lat' dir='ltr'>posthac</span> <span class='ocrx_word' id='word_1_47' title='bbox 502 1015 535 1062; x_wconf 90' lang='lat' dir='ltr'>se</span> <span class='ocrx_word' id='word_1_48' title='bbox 547 1013 565 1060; x_wconf 94' lang='lat' dir='ltr'>a</span> <span class='ocrx_word' id='word_1_49' title='bbox 578 995 687 1060; x_wconf 77' lang='lat' dir='ltr'><strong>Stoicis</strong></span> <span class='ocrx_word' id='word_1_50' title='bbox 703 998 897 1080; x_wconf 88' lang='lat' dir='ltr'>sumpturum</span> <span class='ocrx_word' id='word_1_51' title='bbox 910 998 992 1076; x_wconf 87' lang='lat' dir='ltr'>dicit,</span> <span class='ocrx_word' id='word_1_52' title='bbox 1016 997 1054 1062; x_wconf 90' lang='lat' dir='ltr'>ab</span> <span class='ocrx_word' id='word_1_53' title='bbox 1063 997 1193 1080; x_wconf 76' lang='lat' dir='ltr'>Epicuro</span> 
     </span>
     <span class='ocr_line' id='line_1_8' title="bbox 132 1099 1194 1184; baseline 0.002 -20"><span class='ocrx_word' id='word_1_54' title='bbox 132 1117 256 1165; x_wconf 86' lang='lat' dir='ltr'>sumens</span> <span class='ocrx_word' id='word_1_55' title='bbox 278 1100 323 1164; x_wconf 88' lang='lat' dir='ltr'>sio</span> <span class='ocrx_word' id='word_1_56' title='bbox 345 1101 465 1176; x_wconf 84' lang='lat' dir='ltr'>scribit,</span> <span class='ocrx_word' id='word_1_57' title='bbox 495 1101 522 1165; x_wconf 91' lang='lat' dir='ltr'>si</span> <span class='ocrx_word' id='word_1_58' title='bbox 543 1099 661 1166; x_wconf 88' lang='lat' dir='ltr'>codices</span> <span class='ocrx_word' id='word_1_59' title='bbox 685 1101 855 1184; x_wconf 81' lang='lat' dir='ltr'>sequimur:</span> <span class='ocrx_word' id='word_1_60' title='bbox 899 1101 1067 1169; x_wconf 79' lang='lat' dir='ltr'>Interim</span> <span class='ocrx_word' id='word_1_61' title='bbox 1094 1121 1194 1166; x_wconf 89' lang='lat' dir='ltr'>com-</span> 
     </span>
    </p>
   </div>
   <div class='ocr_carea' id='block_1_3' title="bbox 133 1203 1305 1290">
    <p class='ocr_par' dir='ltr' id='par_1_3' title="bbox 133 1203 1305 1290">
     <span class='ocr_line' id='line_1_9' title="bbox 133 1203 1305 1290; baseline 0.004 -23"><span class='ocrx_word' id='word_1_62' title='bbox 133 1203 306 1268; x_wconf 89' lang='lat' dir='ltr'>modabit</span> <span class='ocrx_word' id='word_1_63' title='bbox 321 1203 526 1288; x_wconf 74' lang='lat' dir='ltr'>Epicurus,</span> <span class='ocrx_word' id='word_1_64' title='bbox 551 1207 614 1290; x_wconf 90' lang='lat' dir='ltr'>qui</span> <span class='ocrx_word' id='word_1_65' title='bbox 635 1207 706 1272; x_wconf 87' lang='lat' dir='ltr'>ait:</span> <span class='ocrx_word' id='word_1_66' title='bbox 728 1205 920 1272; x_wconf 80' lang='lat' dir='ltr'>Meditare</span> <span class='ocrx_word' id='word_1_67' title='bbox 942 1209 1102 1274; x_wconf 89' lang='lat' dir='ltr'>mortem</span> <span class='ocrx_word' id='word_1_68' title='bbox 1123 1207 1193 1284; x_wconf 89' lang='lat' dir='ltr'>vel,</span> <span class='ocrx_word' id='word_1_69' title='bbox 1302 1216 1305 1221; x_wconf 82' lang='grc'><strong>’</strong></span> 
     </span>
    </p>
   </div>
   <div class='ocr_carea' id='block_1_4' title="bbox 133 1310 1207 2240">
    <p class='ocr_par' dir='ltr' id='par_1_4' title="bbox 133 1310 1207 2240">
     <span class='ocr_line' id='line_1_10' title="bbox 133 1310 1194 1396; baseline 0 -18"><span class='ocrx_word' id='word_1_70' title='bbox 133 1314 163 1378; x_wconf 92' lang='lat' dir='ltr'>si</span> <span class='ocrx_word' id='word_1_71' title='bbox 190 1311 428 1380; x_wconf 81' lang='lat' dir='ltr'>commodius</span> <span class='ocrx_word' id='word_1_72' title='bbox 461 1310 529 1388; x_wconf 89' lang='lat' dir='ltr'>sit,</span> <span class='ocrx_word' id='word_1_73' title='bbox 561 1311 729 1376; x_wconf 89' lang='lat' dir='ltr'>transire</span> <span class='ocrx_word' id='word_1_74' title='bbox 762 1310 807 1377; x_wconf 89' lang='lat' dir='ltr'>ad</span> <span class='ocrx_word' id='word_1_75' title='bbox 837 1330 918 1378; x_wconf 88' lang='lat' dir='ltr'>nos.</span> <span class='ocrx_word' id='word_1_76' title='bbox 982 1311 1051 1378; x_wconf 88' lang='lat' dir='ltr'>Hic</span> <span class='ocrx_word' id='word_1_77' title='bbox 1083 1313 1194 1396; x_wconf 89' lang='lat' dir='ltr'>patet</span> 
     </span>
     <span class='ocr_line' id='line_1_11' title="bbox 134 1405 1192 1502; baseline 0.001 -18"><span class='ocrx_word' id='word_1_78' title='bbox 134 1438 278 1495; x_wconf 71' lang='lat' dir='ltr'>sensus,</span> <span class='ocrx_word' id='word_1_79' title='bbox 343 1416 513 1502; x_wconf 78' lang='lat' dir='ltr'>Egregia</span> <span class='ocrx_word' id='word_1_80' title='bbox 551 1436 614 1482; x_wconf 91' lang='lat' dir='ltr'>res</span> <span class='ocrx_word' id='word_1_81' title='bbox 654 1419 713 1482; x_wconf 84' lang='lat' dir='ltr'>est</span> <span class='ocrx_word' id='word_1_82' title='bbox 750 1405 927 1482; x_wconf 81' lang='lat' dir='ltr'>mortem</span> <span class='ocrx_word' id='word_1_83' title='bbox 951 1418 1192 1498; x_wconf 89' lang='lat' dir='ltr'>condiscere;</span> 
     </span>
     <span class='ocr_line' id='line_1_12' title="bbox 133 1521 1193 1610; baseline 0.002 -22"><span class='ocrx_word' id='word_1_84' title='bbox 133 1525 265 1590; x_wconf 77' lang='lat' dir='ltr'>Hessius</span> <span class='ocrx_word' id='word_1_85' title='bbox 293 1523 463 1591; x_wconf 90' lang='lat' dir='ltr'>transire</span> <span class='ocrx_word' id='word_1_86' title='bbox 494 1521 541 1586; x_wconf 90' lang='lat' dir='ltr'>ad</span> <span class='ocrx_word' id='word_1_87' title='bbox 573 1521 679 1586; x_wconf 87' lang='lat' dir='ltr'>divos</span> <span class='ocrx_word' id='word_1_88' title='bbox 710 1522 828 1603; x_wconf 72' lang='lat' dir='ltr'>posuit·</span> <span class='ocrx_word' id='word_1_89' title='bbox 859 1523 1025 1606; x_wconf 83' lang='lat' dir='ltr'>Epicurum</span> <span class='ocrx_word' id='word_1_90' title='bbox 1046 1525 1193 1610; x_wconf 75' lang='lat' dir='ltr'>erutheo</span> 
     </span>
     <span class='ocr_line' id='line_1_13' title="bbox 135 1623 1195 1712; baseline 0.001 -18"><span class='ocrx_word' id='word_1_91' title='bbox 135 1632 165 1694; x_wconf 91' lang='lat' dir='ltr'>et</span> <span class='ocrx_word' id='word_1_92' title='bbox 184 1629 337 1696; x_wconf 87' lang='lat' dir='ltr'>acerrimo</span> <span class='ocrx_word' id='word_1_93' title='bbox 365 1627 608 1694; x_wconf 89' lang='lat' dir='ltr'>immortalitatis</span> <span class='ocrx_word' id='word_1_94' title='bbox 630 1627 803 1692; x_wconf 79' lang='lat' dir='ltr'>animorum</span> <span class='ocrx_word' id='word_1_95' title='bbox 826 1623 1017 1711; x_wconf 82' lang='lat' dir='ltr'>adversario,</span> <span class='ocrx_word' id='word_1_96' title='bbox 1048 1629 1100 1712; x_wconf 85' lang='lat' dir='ltr'>qui</span> <span class='ocrx_word' id='word_1_97' title='bbox 1127 1630 1195 1704; x_wconf 73' lang='lat' dir='ltr'>fuit</span> 
     </span>
     <span class='ocr_line' id='line_1_14' title="bbox 135 1733 1193 1820; baseline 0 -20"><span class='ocrx_word' id='word_1_98' title='bbox 135 1753 224 1820; x_wconf 82' lang='lat' dir='ltr'>prope</span> <span class='ocrx_word' id='word_1_99' title='bbox 248 1735 458 1801; x_wconf 83' lang='lat' dir='ltr'>Christianum</span> <span class='ocrx_word' id='word_1_100' title='bbox 480 1733 631 1807; x_wconf 88' lang='lat' dir='ltr'>efficiens;</span> <span class='ocrx_word' id='word_1_101' title='bbox 659 1750 731 1798; x_wconf 88' lang='lat' dir='ltr'>uam</span> <span class='ocrx_word' id='word_1_102' title='bbox 757 1736 886 1807; x_wconf 77' lang='lat' dir='ltr'>veteres,</span> <span class='ocrx_word' id='word_1_103' title='bbox 910 1735 962 1818; x_wconf 83' lang='lat' dir='ltr'>qui</span> <span class='ocrx_word' id='word_1_104' title='bbox 985 1736 1104 1802; x_wconf 88' lang='lat' dir='ltr'>animos</span> <span class='ocrx_word' id='word_1_105' title='bbox 1125 1738 1193 1817; x_wconf 89' lang='lat' dir='ltr'>post</span> 
     </span>
     <span class='ocr_line' id='line_1_15' title="bbox 136 1839 1193 1920; baseline 0.002 -16"><span class='ocrx_word' id='word_1_106' title='bbox 136 1841 266 1904; x_wconf 89' lang='lat' dir='ltr'>mortem</span> <span class='ocrx_word' id='word_1_107' title='bbox 295 1859 419 1906; x_wconf 88' lang='lat' dir='ltr'>manere</span> <span class='ocrx_word' id='word_1_108' title='bbox 446 1840 628 1920; x_wconf 82' lang='lat' dir='ltr'>censebant,</span> <span class='ocrx_word' id='word_1_109' title='bbox 659 1841 698 1914; x_wconf 90' lang='lat' dir='ltr'>ad</span> <span class='ocrx_word' id='word_1_110' title='bbox 725 1839 811 1910; x_wconf 88' lang='lat' dir='ltr'>divos</span> <span class='ocrx_word' id='word_1_111' title='bbox 841 1842 945 1916; x_wconf 87' lang='lat' dir='ltr'>tamen</span> <span class='ocrx_word' id='word_1_112' title='bbox 974 1841 1103 1906; x_wconf 83' lang='lat' dir='ltr'>transire</span> <span class='ocrx_word' id='word_1_113' title='bbox 1122 1855 1193 1908; x_wconf 66' lang='lat' dir='ltr'>¹&#39;non</span> 
     </span>
     <span class='ocr_line' id='line_1_16' title="bbox 137 1944 1194 2052; baseline 0.005 -44"><span class='ocrx_word' id='word_1_114' title='bbox 137 1944 287 2020; x_wconf 75' lang='lat' dir='ltr'>dicebant</span> <span class='ocrx_word' id='word_1_115' title='bbox 309 1945 369 2012; x_wconf 90' lang='lat' dir='ltr'>nisi</span> <span class='ocrx_word' id='word_1_116' title='bbox 382 1945 442 2052; x_wconf 56' lang='lat' dir='ltr'>qui¹</span> <span class='ocrx_word' id='word_1_117' title='bbox 465 1945 661 2010; x_wconf 85' lang='lat' dir='ltr'>utHeroules</span> <span class='ocrx_word' id='word_1_118' title='bbox 679 1946 711 2009; x_wconf 89' lang='lat' dir='ltr'>ot</span> <span class='ocrx_word' id='word_1_119' title='bbox 723 1945 815 2012; x_wconf 86' lang='lat' dir='ltr'>Liber</span> <span class='ocrx_word' id='word_1_120' title='bbox 827 1947 916 2028; x_wconf 89' lang='lat' dir='ltr'>pater</span> <span class='ocrx_word' id='word_1_121' title='bbox 933 1947 1194 2030; x_wconf 82' lang='lat' dir='ltr'>imperatoresque</span> 
     </span>
     <span class='ocr_line' id='line_1_17' title="bbox 135 2049 1195 2140; baseline 0 -24"><span class='ocrx_word' id='word_1_122' title='bbox 135 2049 281 2124; x_wconf 77' lang='lat' dir='ltr'>Romani,¹</span> <span class='ocrx_word' id='word_1_123' title='bbox 302 2049 366 2140; x_wconf 80' lang='lat' dir='ltr'>deis</span> <span class='ocrx_word' id='word_1_124' title='bbox 386 2050 639 2124; x_wconf 84' lang='lat' dir='ltr'>adscriberentur.</span> <span class='ocrx_word' id='word_1_125' title='bbox 684 2051 744 2116; x_wconf 83' lang='lat' dir='ltr'>Sed</span> <span class='ocrx_word' id='word_1_126' title='bbox 767 2053 890 2126; x_wconf 91' lang='lat' dir='ltr'>tamen,</span> <span class='ocrx_word' id='word_1_127' title='bbox 918 2052 945 2116; x_wconf 90' lang='lat' dir='ltr'>si</span> <span class='ocrx_word' id='word_1_128' title='bbox 966 2052 1032 2118; x_wconf 85' lang='lat' dir='ltr'>haec</span> <span class='ocrx_word' id='word_1_129' title='bbox 1053 2071 1124 2134; x_wconf 92' lang='lat' dir='ltr'>pars</span> <span class='ocrx_word' id='word_1_130' title='bbox 1146 2055 1195 2118; x_wconf 81' lang='lat' dir='ltr'>sat</span> 
     </span>
     <span class='ocr_line' id='line_1_18' title="bbox 136 2155 1207 2240; baseline 0.002 -20"><span class='ocrx_word' id='word_1_131' title='bbox 136 2155 445 2240; x_wconf 82' lang='lat' dir='ltr'>ltpicnrisententiae‚</span> <span class='ocrx_word' id='word_1_132' title='bbox 468 2155 514 2234; x_wconf 87' lang='lat' dir='ltr'>ad</span> <span class='ocrx_word' id='word_1_133' title='bbox 536 2174 603 2220; x_wconf 92' lang='lat' dir='ltr'>nos</span> <span class='ocrx_word' id='word_1_134' title='bbox 625 2175 749 2224; x_wconf 87' lang='lat' dir='ltr'>sensum</span> <span class='ocrx_word' id='word_1_135' title='bbox 770 2176 831 2222; x_wconf 92' lang='lat' dir='ltr'>non</span> <span class='ocrx_word' id='word_1_136' title='bbox 851 2159 973 2232; x_wconf 79' lang='lat' dir='ltr'>habere,</span> <span class='ocrx_word' id='word_1_137' title='bbox 994 2157 1207 2226; x_wconf 32' lang='lat' dir='ltr'>manifestum*</span> 
     </span>
    </p>
   </div>
   <div class='ocr_carea' id='block_1_5' title="bbox 25 2261 1192 2344">
    <p class='ocr_par' dir='ltr' id='par_1_5' title="bbox 25 2261 1192 2344">
     <span class='ocr_line' id='line_1_19' title="bbox 25 2261 1192 2344; baseline 0.003 -18"><span class='ocrx_word' id='word_1_138' title='bbox 25 2291 26 2300; x_wconf 45' lang='lat'>¹</span> <span class='ocrx_word' id='word_1_139' title='bbox 136 2265 196 2339; x_wconf 88' lang='lat' dir='ltr'>est;</span> <span class='ocrx_word' id='word_1_140' title='bbox 223 2281 284 2335; x_wconf 70' lang='lat' dir='ltr'>neo,</span> <span class='ocrx_word' id='word_1_141' title='bbox 302 2261 383 2326; x_wconf 93' lang='lat' dir='ltr'>ullus</span> <span class='ocrx_word' id='word_1_142' title='bbox 405 2261 527 2326; x_wconf 86' lang='lat' dir='ltr'>omnino</span> <span class='ocrx_word' id='word_1_143' title='bbox 551 2262 747 2328; x_wconf 82' lang='lat' dir='ltr'>transitus</span> <span class='ocrx_word' id='word_1_144' title='bbox 773 2261 843 2344; x_wconf 89' lang='lat' dir='ltr'>cum</span> <span class='ocrx_word' id='word_1_145' title='bbox 865 2264 972 2328; x_wconf 90' lang='lat' dir='ltr'>mortis</span> <span class='ocrx_word' id='word_1_146' title='bbox 994 2263 1192 2330; x_wconf 89' lang='lat' dir='ltr'>meditatione</span> 
     </span>
    </p>
   </div>
   <div class='ocr_carea' id='block_1_6' title="bbox 134 2365 1218 4136">
    <p class='ocr_par' dir='ltr' id='par_1_6' title="bbox 134 2365 1218 4136">
     <span class='ocr_line' id='line_1_20' title="bbox 134 2365 1193 2453; baseline 0.002 -21"><span class='ocrx_word' id='word_1_147' title='bbox 134 2367 277 2452; x_wconf 82' lang='lat' dir='ltr'>coniungi</span> <span class='ocrx_word' id='word_1_148' title='bbox 297 2367 410 2452; x_wconf 86' lang='lat' dir='ltr'>potest..</span> <span class='ocrx_word' id='word_1_149' title='bbox 459 2365 634 2432; x_wconf 87' lang='lat' dir='ltr'>Ridiculum</span> <span class='ocrx_word' id='word_1_150' title='bbox 664 2369 758 2435; x_wconf 89' lang='lat' dir='ltr'>etiam</span> <span class='ocrx_word' id='word_1_151' title='bbox 784 2369 817 2434; x_wconf 89' lang='lat' dir='ltr'>in</span> <span class='ocrx_word' id='word_1_152' title='bbox 837 2369 925 2453; x_wconf 81' lang='lat' dir='ltr'>gravi</span> <span class='ocrx_word' id='word_1_153' title='bbox 952 2369 991 2434; x_wconf 93' lang='lat' dir='ltr'>de</span> <span class='ocrx_word' id='word_1_154' title='bbox 1012 2388 1135 2434; x_wconf 88' lang='lat' dir='ltr'>summa</span> <span class='ocrx_word' id='word_1_155' title='bbox 1160 2389 1193 2434; x_wconf 92' lang='lat' dir='ltr'>re</span> 
     </span>
     <span class='ocr_line' id='line_1_21' title="bbox 134 2472 1193 2556; baseline 0.004 -20"><span class='ocrx_word' id='word_1_156' title='bbox 134 2475 284 2556; x_wconf 77' lang='lat' dir='ltr'>precepto</span> <span class='ocrx_word' id='word_1_157' title='bbox 306 2472 400 2536; x_wconf 88' lang='lat' dir='ltr'>illud:</span> <span class='ocrx_word' id='word_1_158' title='bbox 423 2473 455 2538; x_wconf 90' lang='lat' dir='ltr'>si</span> <span class='ocrx_word' id='word_1_159' title='bbox 478 2473 711 2540; x_wconf 90' lang='lat' dir='ltr'>commodius</span> <span class='ocrx_word' id='word_1_160' title='bbox 735 2474 801 2549; x_wconf 87' lang='lat' dir='ltr'>sit,</span> <span class='ocrx_word' id='word_1_161' title='bbox 830 2476 974 2554; x_wconf 87' lang='lat' dir='ltr'>soloecum</span> <span class='ocrx_word' id='word_1_162' title='bbox 993 2475 1141 2555; x_wconf 84' lang='lat' dir='ltr'>praeterea</span> <span class='ocrx_word' id='word_1_163' title='bbox 1161 2475 1193 2540; x_wconf 88' lang='lat' dir='ltr'>in</span> 
     </span>
     <span class='ocr_line' id='line_1_22' title="bbox 135 2577 1193 2672; baseline 0.004 -30"><span class='ocrx_word' id='word_1_164' title='bbox 135 2578 185 2642; x_wconf 91' lang='lat' dir='ltr'>sit</span> <span class='ocrx_word' id='word_1_165' title='bbox 210 2596 267 2660; x_wconf 89' lang='lat' dir='ltr'>pro</span> <span class='ocrx_word' id='word_1_166' title='bbox 297 2579 364 2641; x_wconf 88' lang='lat' dir='ltr'>est.</span> <span class='ocrx_word' id='word_1_167' title='bbox 417 2577 522 2672; x_wconf 79' lang='lat' dir='ltr'>Mihilo</span> <span class='ocrx_word' id='word_1_168' title='bbox 551 2579 663 2644; x_wconf 89' lang='lat' dir='ltr'>melius</span> <span class='ocrx_word' id='word_1_169' title='bbox 689 2579 743 2644; x_wconf 93' lang='lat' dir='ltr'>illa</span> <span class='ocrx_word' id='word_1_170' title='bbox 779 2579 1008 2662; x_wconf 86' lang='lat' dir='ltr'>perspicuitatis</span> <span class='ocrx_word' id='word_1_171' title='bbox 1034 2581 1193 2646; x_wconf 90' lang='lat' dir='ltr'>sententiae</span> 
     </span>
     <span class='ocr_line' id='line_1_23' title="bbox 135 2672 1194 2768; baseline 0.006 -22"><span class='ocrx_word' id='word_1_172' title='bbox 135 2682 197 2748; x_wconf 90' lang='lat' dir='ltr'>laus</span> <span class='ocrx_word' id='word_1_173' title='bbox 212 2683 271 2762; x_wconf 85' lang='lat' dir='ltr'>(sic</span> <span class='ocrx_word' id='word_1_174' title='bbox 284 2683 365 2746; x_wconf 90' lang='lat' dir='ltr'>euim</span> <span class='ocrx_word' id='word_1_175' title='bbox 378 2683 476 2766; x_wconf 84' lang='lat' dir='ltr'>accipi</span> <span class='ocrx_word' id='word_1_176' title='bbox 489 2683 591 2760; x_wconf 76' lang='lat' dir='ltr'>debet,</span> <span class='ocrx_word' id='word_1_177' title='bbox 609 2685 667 2750; x_wconf 87' lang='lat' dir='ltr'>etsi</span> <span class='ocrx_word' id='word_1_178' title='bbox 677 2685 822 2750; x_wconf 89' lang='lat' dir='ltr'>inusitate</span> <span class='ocrx_word' id='word_1_179' title='bbox 834 2672 971 2766; x_wconf 60' lang='lat' dir='ltr'>diuitum:</span> <span class='ocrx_word' id='word_1_180' title='bbox 994 2684 1066 2750; x_wconf 90' lang='lat' dir='ltr'>Hic</span> <span class='ocrx_word' id='word_1_181' title='bbox 1087 2688 1194 2768; x_wconf 90' lang='lat' dir='ltr'>patet</span> 
     </span>
     <span class='ocr_line' id='line_1_24' title="bbox 134 2788 1193 2872; baseline 0.005 -20"><span class='ocrx_word' id='word_1_182' title='bbox 134 2807 272 2854; x_wconf 81' lang='lat' dir='ltr'>sensus</span> <span class='ocrx_word' id='word_1_183' title='bbox 300 2788 504 2872; x_wconf 89' lang='lat' dir='ltr'>interponitur</span> <span class='ocrx_word' id='word_1_184' title='bbox 525 2790 596 2854; x_wconf 89' lang='lat' dir='ltr'>ante</span> <span class='ocrx_word' id='word_1_185' title='bbox 622 2809 736 2856; x_wconf 84' lang='lat' dir='ltr'>novam</span> <span class='ocrx_word' id='word_1_186' title='bbox 757 2790 894 2854; x_wconf 88' lang='lat' dir='ltr'>eiusdem</span> <span class='ocrx_word' id='word_1_187' title='bbox 917 2789 1077 2854; x_wconf 88' lang='lat' dir='ltr'>sententiae</span> <span class='ocrx_word' id='word_1_188' title='bbox 1099 2791 1193 2856; x_wconf 90' lang='lat' dir='ltr'>inter·</span> 
     </span>
     <span class='ocr_line' id='line_1_25' title="bbox 134 2894 1193 2977; baseline 0.003 -19"><span class='ocrx_word' id='word_1_189' title='bbox 134 2895 347 2977; x_wconf 88' lang='lat' dir='ltr'>pretationem.</span> <span class='ocrx_word' id='word_1_190' title='bbox 381 2894 443 2958; x_wconf 78' lang='lat' dir='ltr'>lle</span> <span class='ocrx_word' id='word_1_191' title='bbox 464 2894 519 2958; x_wconf 88' lang='lat' dir='ltr'>illa</span> <span class='ocrx_word' id='word_1_192' title='bbox 539 2895 661 2977; x_wconf 88' lang='lat' dir='ltr'>quidem</span> <span class='ocrx_word' id='word_1_193' title='bbox 682 2896 765 2959; x_wconf 86' lang='lat' dir='ltr'>recta</span> <span class='ocrx_word' id='word_1_194' title='bbox 786 2898 834 2959; x_wconf 89' lang='lat' dir='ltr'>est</span> <span class='ocrx_word' id='word_1_195' title='bbox 856 2895 1040 2959; x_wconf 86' lang='lat' dir='ltr'>substantivi</span> <span class='ocrx_word' id='word_1_196' title='bbox 1070 2897 1102 2960; x_wconf 91' lang='lat' dir='ltr'>et</span> <span class='ocrx_word' id='word_1_197' title='bbox 1123 2897 1193 2961; x_wconf 89' lang='lat' dir='ltr'>infi-</span> 
     </span>
     <span class='ocr_line' id='line_1_26' title="bbox 134 2999 1192 3082; baseline 0.002 -18"><span class='ocrx_word' id='word_1_198' title='bbox 134 3001 220 3064; x_wconf 86' lang='lat' dir='ltr'>nitivi</span> <span class='ocrx_word' id='word_1_199' title='bbox 239 2999 272 3062; x_wconf 91' lang='lat' dir='ltr'>in</span> <span class='ocrx_word' id='word_1_200' title='bbox 295 3000 447 3080; x_wconf 85' lang='lat' dir='ltr'>sententia</span> <span class='ocrx_word' id='word_1_201' title='bbox 468 2999 602 3065; x_wconf 81' lang='lat' dir='ltr'>breviter</span> <span class='ocrx_word' id='word_1_202' title='bbox 623 2999 764 3082; x_wconf 87' lang='lat' dir='ltr'>ponenda</span> <span class='ocrx_word' id='word_1_203' title='bbox 783 3001 974 3064; x_wconf 84' lang='lat' dir='ltr'>coniunctio:</span> <span class='ocrx_word' id='word_1_204' title='bbox 1006 3001 1192 3068; x_wconf 87' lang='lat' dir='ltr'>Meditare</span> 
     </span>
     <span class='ocr_line' id='line_1_27' title="bbox 134 3103 1194 3192; baseline 0.005 -24"><span class='ocrx_word' id='word_1_205' title='bbox 134 3107 295 3171; x_wconf 89' lang='lat' dir='ltr'>mortem</span> <span class='ocrx_word' id='word_1_206' title='bbox 321 3103 385 3168; x_wconf 88' lang='lat' dir='ltr'>vel</span> <span class='ocrx_word' id='word_1_207' title='bbox 410 3152 416 3165; x_wconf 93' lang='lat'><strong>.</strong></span> <span class='ocrx_word' id='word_1_208' title='bbox 440 3155 447 3167; x_wconf 94' lang='lat'>.</span> <span class='ocrx_word' id='word_1_209' title='bbox 472 3155 478 3169; x_wconf 90' lang='lat'><strong>.</strong></span> <span class='ocrx_word' id='word_1_210' title='bbox 508 3107 686 3192; x_wconf 85' lang='lat' dir='ltr'>transire.</span> <span class='ocrx_word' id='word_1_211' title='bbox 720 3103 799 3170; x_wconf 70' lang='lat' dir='ltr'>‘Sed</span> <span class='ocrx_word' id='word_1_212' title='bbox 825 3105 902 3170; x_wconf 87' lang='lat' dir='ltr'>nihil</span> <span class='ocrx_word' id='word_1_213' title='bbox 930 3113 1004 3190; x_wconf 81' lang='lat' dir='ltr'>opus</span> <span class='ocrx_word' id='word_1_214' title='bbox 1031 3111 1079 3174; x_wconf 90' lang='lat' dir='ltr'>est</span> <span class='ocrx_word' id='word_1_215' title='bbox 1106 3110 1194 3192; x_wconf 92' lang='lat' dir='ltr'>plura</span> 
     </span>
     <span class='ocr_line' id='line_1_28' title="bbox 136 3207 1191 3300; baseline 0.002 -24"><span class='ocrx_word' id='word_1_216' title='bbox 136 3211 300 3277; x_wconf 87' lang='lat' dir='ltr'>accusandi</span> <span class='ocrx_word' id='word_1_217' title='bbox 321 3207 413 3274; x_wconf 83' lang='lat' dir='ltr'>causa</span> <span class='ocrx_word' id='word_1_218' title='bbox 435 3209 550 3288; x_wconf 89' lang='lat' dir='ltr'>dicere;</span> <span class='ocrx_word' id='word_1_219' title='bbox 580 3211 659 3276; x_wconf 92' lang='lat' dir='ltr'>illud</span> <span class='ocrx_word' id='word_1_220' title='bbox 681 3211 828 3289; x_wconf 83' lang='lat' dir='ltr'>dicamus,</span> <span class='ocrx_word' id='word_1_221' title='bbox 855 3212 937 3276; x_wconf 90' lang='lat' dir='ltr'>inter</span> <span class='ocrx_word' id='word_1_222' title='bbox 958 3213 1033 3300; x_wconf 89' lang='lat' dir='ltr'>duas</span> <span class='ocrx_word' id='word_1_223' title='bbox 1056 3213 1191 3279; x_wconf 89' lang='lat' dir='ltr'>eiusdem</span> 
     </span>
     <span class='ocr_line' id='line_1_29' title="bbox 136 3315 1218 3404; baseline 0 -20"><span class='ocrx_word' id='word_1_224' title='bbox 136 3317 295 3384; x_wconf 88' lang='lat' dir='ltr'>sententiae</span> <span class='ocrx_word' id='word_1_225' title='bbox 315 3317 443 3381; x_wconf 88' lang='lat' dir='ltr'>formas:</span> <span class='ocrx_word' id='word_1_226' title='bbox 488 3315 678 3392; x_wconf 85' lang='lat' dir='ltr'>Meditare</span> <span class='ocrx_word' id='word_1_227' title='bbox 701 3318 864 3382; x_wconf 90' lang='lat' dir='ltr'>mortem</span> <span class='ocrx_word' id='word_1_228' title='bbox 892 3318 924 3382; x_wconf 90' lang='lat' dir='ltr'>et</span> <span class='ocrx_word' id='word_1_229' title='bbox 944 3317 1113 3404; x_wconf 82' lang='lat' dir='ltr'>Egregia</span> <span class='ocrx_word' id='word_1_230' title='bbox 1135 3339 1192 3385; x_wconf 92' lang='lat' dir='ltr'>res</span> <span class='ocrx_word' id='word_1_231' title='bbox 1217 3361 1218 3368; x_wconf 23' lang='grc' dir='ltr'><strong>κ</strong></span> 
     </span>
     <span class='ocr_line' id='line_1_30' title="bbox 135 3406 1192 3505; baseline 0.004 -19"><span class='ocrx_word' id='word_1_232' title='bbox 135 3425 191 3488; x_wconf 84' lang='lat' dir='ltr'>eet</span> <span class='ocrx_word' id='word_1_233' title='bbox 211 3443 255 3488; x_wconf 90' lang='lat' dir='ltr'>m.</span> <span class='ocrx_word' id='word_1_234' title='bbox 277 3441 303 3488; x_wconf 88' lang='lat' dir='ltr'>c.</span> <span class='ocrx_word' id='word_1_235' title='bbox 331 3406 483 3504; x_wconf 86' lang='lat' dir='ltr'>nihilper</span> <span class='ocrx_word' id='word_1_236' title='bbox 503 3409 573 3488; x_wconf 84' lang='lat' dir='ltr'>illas</span> <span class='ocrx_word' id='word_1_237' title='bbox 596 3440 686 3488; x_wconf 77' lang='lat' dir='ltr'>voces</span> <span class='ocrx_word' id='word_1_238' title='bbox 708 3423 784 3496; x_wconf 80' lang='lat' dir='ltr'>vel,</span> <span class='ocrx_word' id='word_1_239' title='bbox 812 3423 847 3488; x_wconf 91' lang='lat' dir='ltr'>si</span> <span class='ocrx_word' id='word_1_240' title='bbox 872 3423 1108 3504; x_wconf 82' lang='lat' dir='ltr'>commodius</span> <span class='ocrx_word' id='word_1_241' title='bbox 1131 3425 1192 3505; x_wconf 92' lang='lat' dir='ltr'>sit,</span> 
     </span>
     <span class='ocr_line' id='line_1_31' title="bbox 135 3523 1193 3615; baseline -0.001 -19"><span class='ocrx_word' id='word_1_242' title='bbox 135 3527 283 3611; x_wconf 84' lang='lat' dir='ltr'>interponi</span> <span class='ocrx_word' id='word_1_243' title='bbox 304 3545 402 3609; x_wconf 78' lang='lat' dir='ltr'>posse,</span> <span class='ocrx_word' id='word_1_244' title='bbox 423 3527 483 3592; x_wconf 88' lang='lat' dir='ltr'>nisi</span> <span class='ocrx_word' id='word_1_245' title='bbox 505 3523 585 3610; x_wconf 86' lang='lat' dir='ltr'>quod</span> <span class='ocrx_word' id='word_1_246' title='bbox 602 3527 642 3592; x_wconf 91' lang='lat' dir='ltr'>ad</span> <span class='ocrx_word' id='word_1_247' title='bbox 656 3527 919 3610; x_wconf 73' lang='lat' dir='ltr'>interpretationis</span> <span class='ocrx_word' id='word_1_248' title='bbox 930 3529 1087 3615; x_wconf 83' lang='lat' dir='ltr'>utriusque</span> <span class='ocrx_word' id='word_1_249' title='bbox 1109 3550 1193 3596; x_wconf 89' lang='lat' dir='ltr'>oom-</span> 
     </span>
     <span class='ocr_line' id='line_1_32' title="bbox 136 3631 1193 3720; baseline 0.007 -25"><span class='ocrx_word' id='word_1_250' title='bbox 136 3633 324 3712; x_wconf 89' lang='lat' dir='ltr'>paratiorrem</span> <span class='ocrx_word' id='word_1_251' title='bbox 357 3631 525 3714; x_wconf 72' lang='lat' dir='ltr'>pertineat,</span> <span class='ocrx_word' id='word_1_252' title='bbox 561 3633 675 3697; x_wconf 82' lang='lat' dir='ltr'>stilla</span> <span class='ocrx_word' id='word_1_253' title='bbox 713 3635 897 3699; x_wconf 88' lang='lat' dir='ltr'>transire·</span> <span class='ocrx_word' id='word_1_254' title='bbox 918 3634 963 3700; x_wconf 93' lang='lat' dir='ltr'>ad</span> <span class='ocrx_word' id='word_1_255' title='bbox 995 3653 1059 3702; x_wconf 83' lang='lat' dir='ltr'>uos</span> <span class='ocrx_word' id='word_1_256' title='bbox 1093 3637 1193 3720; x_wconf 91' lang='lat' dir='ltr'>ipsam</span> 
     </span>
     <span class='ocr_line' id='line_1_33' title="bbox 135 3736 1192 3826; baseline 0.009 -26"><span class='ocrx_word' id='word_1_257' title='bbox 135 3736 369 3802; x_wconf 83' lang='lat' dir='ltr'>translationem.</span> <span class='ocrx_word' id='word_1_258' title='bbox 397 3738 511 3804; x_wconf 78' lang='lat' dir='ltr'>Graecae</span> <span class='ocrx_word' id='word_1_259' title='bbox 550 3738 710 3804; x_wconf 77' lang='lat' dir='ltr'>sententia</span> <span class='ocrx_word' id='word_1_260' title='bbox 747 3739 787 3804; x_wconf 91' lang='lat' dir='ltr'>ad</span> <span class='ocrx_word' id='word_1_261' title='bbox 816 3741 970 3806; x_wconf 86' lang='lat' dir='ltr'>Romanos</span> <span class='ocrx_word' id='word_1_262' title='bbox 1012 3743 1192 3826; x_wconf 86' lang='lat' dir='ltr'>significare.</span> 
     </span>
     <span class='ocr_line' id='line_1_34' title="bbox 137 3837 1192 3930; baseline 0.009 -26"><span class='ocrx_word' id='word_1_263' title='bbox 137 3839 243 3907; x_wconf 77' lang='lat' dir='ltr'>llorma</span> <span class='ocrx_word' id='word_1_264' title='bbox 273 3841 415 3907; x_wconf 89' lang='lat' dir='ltr'>orationis</span> <span class='ocrx_word' id='word_1_265' title='bbox 447 3843 545 3925; x_wconf 91' lang='lat' dir='ltr'>qualis</span> <span class='ocrx_word' id='word_1_266' title='bbox 574 3843 676 3922; x_wconf 83' lang='lat' dir='ltr'>luerit,</span> <span class='ocrx_word' id='word_1_267' title='bbox 707 3845 773 3928; x_wconf 92' lang='lat' dir='ltr'>ipse</span> <span class='ocrx_word' id='word_1_268' title='bbox 805 3845 941 3911; x_wconf 91' lang='lat' dir='ltr'>ostendit</span> <span class='ocrx_word' id='word_1_269' title='bbox 964 3837 1079 3911; x_wconf 85' lang='lat' dir='ltr'>Seneca</span> <span class='ocrx_word' id='word_1_270' title='bbox 1105 3849 1192 3930; x_wconf 91' lang='lat' dir='ltr'>epist.</span> 
     </span>
     <span class='ocr_line' id='line_1_35' title="bbox 137 3939 1193 4034; baseline 0.011 -28"><span class='ocrx_word' id='word_1_271' title='bbox 137 3947 184 4021; x_wconf 79' lang='lat'>23,</span> <span class='ocrx_word' id='word_1_272' title='bbox 209 3949 237 4022; x_wconf 89' lang='grc'>9,</span> <span class='ocrx_word' id='word_1_273' title='bbox 263 3947 296 4012; x_wconf 93' lang='lat' dir='ltr'>in</span> <span class='ocrx_word' id='word_1_274' title='bbox 324 3945 432 4014; x_wconf 87' lang='lat' dir='ltr'>eadem</span> <span class='ocrx_word' id='word_1_275' title='bbox 452 3939 590 4032; x_wconf 74' lang='lat' dir='ltr'>&#39;ddpliois</span> <span class='ocrx_word' id='word_1_276' title='bbox 617 3949 876 4032; x_wconf 85' lang='lat' dir='ltr'>interpretationis</span> <span class='ocrx_word' id='word_1_277' title='bbox 905 3953 1129 4034; x_wconf 89' lang='lat' dir='ltr'>comparatione</span> <span class='ocrx_word' id='word_1_278' title='bbox 1150 3954 1193 4018; x_wconf 89' lang='lat' dir='ltr'>sio</span> 
     </span>
     <span class='ocr_line' id='line_1_36' title="bbox 136 4051 1191 4136; baseline 0.011 -22"><span class='ocrx_word' id='word_1_279' title='bbox 136 4053 288 4119; x_wconf 87' lang='lat' dir='ltr'>scribens:</span> <span class='ocrx_word' id='word_1_280' title='bbox 327 4051 537 4118; x_wconf 90' lang='lat' dir='ltr'>Molestum</span> <span class='ocrx_word' id='word_1_281' title='bbox 569 4057 629 4122; x_wconf 90' lang='lat' dir='ltr'>est</span> <span class='ocrx_word' id='word_1_282' title='bbox 661 4073 811 4136; x_wconf 86' lang='lat' dir='ltr'>semper</span> <span class='ocrx_word' id='word_1_283' title='bbox 837 4057 961 4122; x_wconf 82' lang='lat' dir='ltr'>vitam</span> <span class='ocrx_word' id='word_1_284' title='bbox 994 4058 1191 4126; x_wconf 79' lang='lat' dir='ltr'>inchoare.</span> 
     </span>
    </p>
   </div>
   <div class='ocr_carea' id='block_1_7' title="bbox 0 0 1485 4664">
    <p class='ocr_par' dir='ltr' id='par_1_7' title="bbox 0 0 1485 4664">
     <span class='ocr_line' id='line_1_37' title="bbox 0 0 1485 4664; baseline 0 0"><span class='ocrx_word' id='word_1_285' title='bbox 0 0 1485 4664; x_wconf 95' lang='lat' dir='ltr'> </span> 
     </span>
    </p>
   </div>
  </div>
 </body>
</html>
