2954 4664
321 290 382 354 164
755 292 815 347 Lib.
834 295 858 350 1.

277 489 453 573 Kruegerus
476 486 516 555 ad
536 491 668 568 Iluro,
691 489 836 556 advocato
860 447 1126 576 etiamPfluglrio,
1152 492 1338 575 66116116-

276 575 382 678 ripidls
404 596 573 668 Helenae.
600 597 661 660 278
692 595 874 660 defendebat
905 598 984 662 hanc
1006 597 1205 678 scripturam:
1235 587 1337 660 πόσιν

277 693 365 766 ποθ’
396 698 489 785 ἥξειν
522 703 579 769 καί
608 696 646 787 μ’
679 693 869 775 ἀπαλλάξαι
906 702 1027 780 κακῶν)
1061 721 1096 766 ac
1128 721 1225 785 neque
1259 701 1338 766 illud

277 806 523 888 animadvertunt
554 807 636 886 haec,
665 827 732 890 quae
761 807 952 872 incredibilia
984 809 1066 883 sunt,
1100 808 1194 872 etiarn
1227 808 1337 872 ceteris

276 911 369 976 fidem
392 911 561 986 detrahere,
585 931 681 995 neque
704 932 796 994 quam
824 913 1023 978 manifestum
1044 913 1161 978 fraudis
1188 913 1336 994 indicium

275 1017 308 1080 in
339 1017 414 1099 ipsis
448 1019 550 1084 verbis
580 1017 679 1106 insit,¹
697 1017 735 1082 de
764 1037 822 1099 quo
845 1018 952 1082 atatim
980 1001 1090 1082 dicam.
1145 1019 1228 1082 Nam
1256 1019 1338 1084 locos

275 1123 398 1214 tanturn
426 1111 602 1198 corradunt,
629 1123 668 1186 de
695 1123 844 1188 sermonis
878 1123 987 1186 natura
1025 1141 1061 1186 66
1089 1123 1337 1190 testimoniorum

274 1227 383 1294 habitu
404 1247 439 1292 ac
460 1229 557 1294 forma
580 1246 666 1310 aeque
687 1227 844 1302 incuriosi;
876 1228 953 1292 illud
977 1227 1068 1304 addo,
1097 1247 1166 1306 eoa,
1194 1227 1246 1309 qui
1270 1227 1337 1292 hac

276 1334 320 1398 sic
345 1354 364 1398 a
394 1334 517 1400 Graecia
530 1332 654 1398 66611166
686 1335 718 1397 61
742 1335 922 1414 perturbata
949 1336 1087 1408 narrant,
1117 1333 1210 1398 nihilo
1234 1333 1337 1400 minus
1408 1362 1411 1367 s

276 1438 377 1504 Graeci
398 1439 546 1504 sermonis
568 1438 772 1502 subtilitatem
792 1437 825 1500 in
845 1438 903 1502 boc
925 1439 991 1521 ipso
1014 1439 1168 1504 admirari.

375 1546 418 1622 (2)
441 1546 476 1608 In
497 1544 572 1624 ipsis
593 1543 778 1606 testimoniis
802 1543 833 1608 in
853 1545 911 1608 tali
930 1563 964 1608 re
987 1545 1108 1610 etiamsi
1129 1545 1205 1608 nibil
1225 1548 1338 1627 praeter

274 1671 437 1718 numerum
469 1651 604 1731 spectes,
639 1649 744 1712 tamen
776 1667 835 1714 non
868 1649 1049 1732 simpliciter
1081 1663 1117 1714 ea
1145 1653 1337 1717 numeranda

274 1760 355 1832 sunt,
378 1757 433 1822 sed
454 1775 525 1820 oum
547 1753 770 1835 comparatione
800 1755 894 1838 (quod
914 1775 995 1820 nuno
1015 1755 1143 1820 relative
1165 1755 1233 1820 fieri
1256 1757 1334 1822 dioi-

273 1855 376 1946 166611
403 1881 476 1926 nam
505 1878 566 1924 non
593 1860 702 1935 solum,
732 1878 823 1941 quam
846 1860 977 1926 difficilis
999 1881 1048 1926 res
1083 1861 1122 1926 ad
1149 1861 1335 1928 credendum

274 1967 424 2044 61166116
445 1965 587 2032 habenda
613 1968 676 2042 661,
709 1965 762 2030 661
783 1966 882 2053 multo
904 1967 1052 2043 maxime,
1081 1985 1173 2048 quam
1195 1987 1285 2048 saepe,
1307 1971 1335 2034 si

274 2075 358 2138 certo
381 2073 481 2154 aliquo
502 2070 593 2134 modo
614 2070 699 2152 loqui
715 2070 861 2144 licuisset,
881 2071 926 2134 616
947 2072 1090 2154 loquendi
1108 2074 1223 2138 oocasio
1243 2072 1338 2140 fuerit

274 2181 305 2242 et
318 2180 433 2262 quanta
447 2177 488 2240 sit
502 2176 724 2241 contrariorum
736 2179 887 2240 consuetae
902 2176 1008 2242 formae
1021 2180 1227 2260 exemplorum
1240 2180 1334 2260 copia.

273 2283 355 2348 Nam
392 2282 544 2348 interdum
573 2280 677 2344 decem
708 2281 882 2345 autetiam
911 2284 1042 2366 quinque
1071 2285 1209 2367 exempla
1236 2287 1337 2352 multa

273 2391 346 2454 sunt
367 2389 401 2454 in
419 2389 519 2453 forma
539 2385 682 2468 loquendi
704 2405 765 2450 non
786 2387 920 2452 mirabili
941 2407 997 2452 nee
1018 2407 1185 2471 permagno
1208 2410 1335 2458 numero

274 2495 481 2576 exemplorum
510 2491 744 2569 contrariorum,
780 2491 870 2580 quod
890 2493 1012 2556 omnino
1044 2493 1202 2577 utriusque
1229 2497 1336 2562 formae

273 2599 453 2680 usurpandae
468 2617 538 2662 rara
553 2597 612 2660 1611
626 2597 751 2676 6666616.
786 2595 845 2661 Sed
860 2616 931 2662 cum
951 2599 1105 2682 quaeritur,
1117 2620 1177 2682 qua
1190 2600 1336 2668 infinitivi

271 2704 372 2770 forma
393 2703 494 2771 Graeci
515 2703 554 2767 ad
581 2722 647 2768 rem
673 2703 808 2766 futuram
843 2702 1075 2786 significandam
1095 2705 1184 2786 apud
1212 2706 1336 2772 dicendi

270 2811 459 2894 putandique
480 2809 574 2874 verba
594 2808 643 2874 usi
669 2808 742 2883 sint,
763 2807 984 2892 quinquaginta
995 2812 1048 2874 aut
1059 2811 1184 2876 centum
1196 2813 1336 2896 exempla

192 2981 194 2987 ,
273 2933 309 2980 cx
330 2895 415 2982 omni
436 2933 547 2998 genere
571 2916 603 2978 et
624 2914 722 2984 aetate.
735 2915 918 2995 scriptorum
941 2915 1077 2993 collecta,
1111 2917 1235 2982 etiamsi
1266 2919 1334 3002 ipsa

272 3021 410 3089 codicum
433 3018 637 3102 discrepantia
658 3020 763 3100 aperto
794 3021 911 3084 incerta
934 3023 1123 3103 spernantur,
1159 3023 1239 3104 quod
1271 3045 1334 3090 non

269 3125 315 3202 fit,
336 3127 451 3203 tamen,
474 3125 501 3190 si
521 3125 599 3188 nihil
619 3123 735 3190 habent
754 3127 868 3208 proprii
896 3125 1081 3192 firmament'
1105 3127 1155 3204 (16
1182 3120 1241 3210 quo
1261 3107 1334 3196 mox

271 3231 400 3311 dicam),
429 3251 491 3296 nou
522 3231 621 3294 multa
655 3232 743 3310 sunt,
779 3231 861 3314 quod
889 3231 1004 3314 aliquot
1031 3231 1168 3298 locorum
1196 3235 1334 3302 millibus

270 3337 351 3420 apud
386 3357 437 3402 eos
466 3335 645 3418 scriptores,
681 3353 717 3399 er
745 3335 854 3418 quibus
882 3337 1011 3402 collecta
1043 3339 1126 3416 sunt,
1153 3338 1334 3414 ¹huiusmodi

268 3444 363 3508 verba
388 3461 457 3511 cunr
478 3441 628 3506 infinitivo
650 3439 683 3504 et
714 3438 751 3504 de
775 3459 808 3504 re
829 3441 985 3522 praeterita
1010 3443 1100 3508 etde
1128 3444 1231 3510 futura
1258 3465 1333 3510 666-
1473 3529 1474 3534 ¹

267 3549 436 3632 iunguntur
458 3550 490 3612 et
511 3546 592 3629 quod
602 3544 743 3610 omnibus
762 3537 900 3626 partibus
918 3547 1008 3627 plura
1025 3550 1372 3632 66611116666666166·λ
1473 3607 1474 3626 ,

267 3655 299 3718 16
326 3653 435 3736 quibus
464 3653 497 3716 in
523 3653 581 3716 lali
609 3651 819 3716 coniunctione
850 3653 991 3735 ποιῆσαι
1020 3673 1075 3735 pro
1095 3655 1250 3735 praeterito
1273 3659 1336 3738 661,

268 3760 305 3824 16
348 3777 381 3822 re
416 3759 518 3822 futura
561 3749 719 3842 πυιήσειν
762 3758 816 3820 661
849 3758 1059 3838 potentialiter
1096 3762 1127 3824 et
1162 3761 1331 3830 dubitative
1473 3745 1474 3770 ἶ

268 3865 408 3949 ποιῆσαι
443 3859 485 3929 dr·
518 3862 670 3928 scribitur.
699 3861 798 3926 ‘Haec
829 3863 895 3928 tota
927 3864 1113 3945 comparatio
1148 3867 1246 3948 qualis
1279 3870 1330 3950 sit,

267 3971 438 4054 significavi
472 3969 546 4038 olim
579 3969 668 4034 unius
698 3967 730 4032 61
757 3967 882 4032 alterius
911 3969 983 4034 libri
1010 3971 1157 4052 exemplo,
1191 3973 1330 4040 velutin

266 4077 365 4160 Lysiae
387 4078 523 4144 oratione
545 4075 621 4143 XIII
643 4076 689 4140 bis
714 4076 766 4154 (15
789 4076 820 4138 et
840 4075 893 4151 41)
910 4075 942 4138 16
962 4074 1126 4155 codicibus,
1149 4079 1201 4161 qui
1223 4099 1330 4148 omnes
