2994 4672
274 249 336 310 468
698 247 759 303 Lib.
775 249 830 304 III.

330 448 399 513 Ibd.
425 467 450 512 ο.
475 447 511 508 ll
535 447 605 530 post
625 446 705 511 med.
730 447 774 524 (9,
799 447 868 522 13):
893 442 944 520 διὸ
968 447 1031 521 δεῖ,
1066 443 1132 513 κᾶν
1154 443 1205 533 μη
1228 449 1305 514 τῶν

231 549 343 616 ἄλλων
366 545 497 634 α’ρετών
521 555 719 634 ἐπιμέλειαν
746 555 887 634 ποιῆται
916 548 949 636 (ὁ
976 548 1175 637 τύραννος),
1208 548 1298 619 α’λλιί

231 661 294 742 τῆς
316 659 505 742 πολιτικῆς,
529 661 584 724 καί
602 652 704 734 δόξαν
721 665 879 740 ἐμποιεῖν
897 662 976 743 περὶ
992 655 1099 726 αὑτοῦ
1123 654 1297 743 τοιαύτην.

232 762 430 828 Scribendum
452 784 520 830 esse
541 767 602 850 τῆς
623 765 858 848 πολεμικῆς
886 767 918 830 et
944 785 995 832 res
1015 766 1085 849 ipsa
1105 767 1298 832 demonstrait

231 877 283 948 (-
305 865 463 954 πολιτική
486 871 571 936 enim
593 866 696 956 α’ρετη
719 871 898 954 longissime
920 890 939 934 a
959 874 1091 956 tyranno
1110 873 1201 957 abest
1207 897 1215 950 ;
1238 874 1297 937 hoc

155 1021 158 1027 ι
229 975 297 1040 loeo
319 975 357 1040 de
379 995 415 1040 ea
435 977 556 1060 agitm,
592 997 660 1061 ηοω
680 975 789 1051 faciat,
819 976 855 1038 ut
879 979 1029 1060 tyrannus
1057 997 1119 1041 non
1153 971 1297 1042 εὐκατα-

231 1075 398 1167 φρόνητος
419 1082 461 1146 sit
484 1086 537 1161 -)
567 1085 599 1147 et
623 1101 690 1165 quae
712 1100 738 1146 ο,
763 1084 802 1142 12
823 1081 892 1146 init.
924 1085 966 1158 (9,
989 1085 1026 1143 21
1052 1084 1085 1147 et
1105 1084 1158 1160 22)
1187 1083 1297 1166 legun-

229 1191 295 1254 tur:
319 1187 375 1252 καί
398 1182 451 1253 δαί
475 1183 513 1252 τό
538 1183 724 1270 πολεμικός
744 1190 909 1273 γενέσθαι
928 1189 1144 1271 Κλεισθένης
1166 1181 1227 1252 οὐκ
1250 1177 1297 1271 ἦν

230 1288 542 1378 εὐκαταφρόνητος,
569 1297 652 1358 tum:
689 1293 902 1378 Περίανδρος
930 1293 963 1357 δὲ
990 1299 1125 1379 Ιἐγένετο
1147 1300 1212 1375 μὲν
1235 1319 1296 1359 τυ-

230 1396 401 1486 ραννικὸς,
423 1393 510 1465 α’λλοί
534 1393 720 1483 πολεμικός
748 1402 792 1477 (et
812 1419 850 1464 ea
870 1400 986 1464 virtute
1009 1403 1050 1461 44
1071 1419 1167 1466 annos
1188 1403 1301 1485 tyran-

229 1509 333 1574 nidem
355 1508 477 1586 tenuit).

288 1623 292 1631 '
329 1615 396 1678 Lib.
418 1613 540 1676 V10.2
568 1612 649 1676 med.
683 1611 724 1688 (l,
747 1611 798 1688 8):
821 1605 860 1675 τὸ
884 1603 947 1694 τήν
971 1611 1152 1694 ἐκκλησίαν
1174 1611 1295 1694 κυρίαν

229 1720 316 1785 εἶναι
340 1713 480 1783 πάντων
501 1710 626 1801 (οἶρχην
649 1717 683 1782 δὲ
704 1715 881 1800 μηδεμίαν
903 1712 1063 1802 μηθενὸς
1090 1712 1112 1800 ἢ
1142 1713 1194 1782 ὅτι
1223 1711 1295 1785 ὀλι-

229 1827 366 1913 γίστων)
387 1819 409 1908 ἢ
431 1825 498 1890 τῶν
524 1826 696 1907 μεγίστων
724 1823 854 1904 κυρίαν.
904 1823 1106 1888 scribendum
1136 1825 1168 1888 et
1196 1823 1295 1888 oratio

229 1930 447 2014 distinguenda
467 1929 527 1993 sic:
550 1924 588 1992 τό
613 1955 642 1993 τ.
667 1934 731 1992 ἕκκ.
756 1929 876 2010 κυρίαν
898 1928 985 1992 εἶναι
1009 1915 1165 2004 πάντων,
1188 1923 1295 2014 ἆρχην

230 2036 264 2101 δὲ
286 2034 461 2118 μηδεμίαν
482 2032 639 2118 μηθενός
662 2028 685 2117 ἢ
709 2029 759 2098 ὅτι
785 2025 963 2117 ὀλιγίστων
985 2029 1016 2124 η’
1028 2029 1085 2117 μή
1110 2033 1177 2097 τῶν
1197 2033 1296 2117 μεγί-

230 2169 318 2208 στων
340 2142 469 2223 κυρίαν.

329 2246 394 2310 Ibd.
407 2264 432 2309 ο.
445 2245 645 2311 4antemed.
669 2247 710 2323 (2
734 2247 780 2321 5).
803 2269 890 2327 προς
913 2247 946 2310 δὲ
969 2271 1007 2309 το
1031 2239 1294 2322 κατασκευάζειν

229 2347 380 2440 γεωογόν
401 2377 462 2416 τον
490 2352 603 2434 δῆμον
632 2353 700 2416 τῶν
730 2352 795 2436 [τε]
829 2347 945 2433 νόμων
978 2355 1067 2422 τινὲς
1097 2351 1167 2413 τῶν
1199 2374 1292 2433 παρα

228 2472 300 2529 τοῖς
322 2459 463 2529 πολλοις
492 2463 655 2541 κειμένων
683 2483 720 2522 το
750 2450 890 2542 α’ρχαῑον
917 2479 1075 2542 χρησιμοι
1099 2448 1243 2530 πάντες,
1271 2450 1295 2539 ἢ

229 2589 266 2630 το
289 2561 500 2636 ολωςκτλ
538 2565 652 2629 Serib:
675 2587 786 2648 yeme
772 2587 1031 2646 ιοιπαντως
1063 2561 1123 2626 Sed
1145 2563 1222 2642 prae
1224 2579 1296 2624 erea

228 2673 260 2736 in
283 2671 345 2736 illis
369 2683 440 2744 τοῖς
462 2673 604 2743 πολλοῖς
630 2672 684 2734 aut
712 2670 819 2734 subest
847 2685 959 2732 nomen
981 2667 1084 2750 populi
1106 2668 1161 2730 aut
1181 2667 1294 2730 tollen
1278 2701 1299 2714 -

229 2777 303 2840 dum
325 2801 505 2948 ἙξλΠο
520 2881 630 2945 lmed.
643 2883 686 2957 (1,
707 2875 780 2957 4):
781 2877 935 2948 Ὀλωςτε
961 2871 1110 2960 δῆλον
1086 2901 1129 2950 ως
1150 2869 1296 2940 οἷκολοιι-

228 2995 310 3054 θεῖν
332 2984 487 3072 φήσομεν
507 2980 573 3069 τήν
595 2978 755 3050 διάθεσιν
776 2981 841 3067 τήν
856 2978 999 3068 α’ρίσκην
1018 2976 1161 3048 ἑκιίστοσ
1183 2974 1295 3066 ποσίν-

227 3117 338 3176 ματος
359 3089 445 3176 πρὸς
469 3089 598 3177 ἄλληλα
628 3089 713 3156 κακοί
744 3084 809 3174 την
830 3083 1017 3175 ὑπεροχήν,
1039 3085 1151 3174 ἤνπερ
1175 3088 1292 3172 εἴληφε

229 3193 406 3266 διάστασιν
445 3187 491 3262 ὧν
528 3201 641 3280 φαμὲν
674 3191 782 3272 αὖτσίς
820 3196 907 3260 εἶναι
945 3195 1119 3266 διαθέσεις
1155 3187 1293 3265 ταύτας.

228 3306 421 3372 Sententiam
442 3303 598 3386 perspexit
620 3303 821 3368 Schneiderus
848 3301 987 3384 viditque
1016 3301 1186 3364 subiectum
1208 3300 1294 3364 verbi

229 3415 345 3496 εἴληφε
367 3429 433 3478 esse
455 3409 487 3474 in
510 3435 564 3485 ων,
587 3409 643 3474 sed
663 3409 755 3472 nimis
776 3409 871 3472 licent
873 3427 905 3472 er
857 3407 1021 3472 tverba
1041 3406 1183 3470 mutavit
1228 3405 1296 3468 Aut

227 3517 398 3582 tollendum
421 3509 607 3590 διασταοιν,
636 3517 671 3577 ut
693 3515 750 3578 sit:
780 3539 863 3578 κατα
888 3537 952 3596 την
974 3507 1158 3596 νπεροχην,
1171 3507 1294 3598 ἤνπερ

228 3626 378 3708 εἴληφεν,
401 3646 448 3686 ων
470 3613 634 3703 φαμλνκ.
653 3623 733 3697 τ.λ,
755 3621 809 3684 aut
831 3619 1087 3701 interponendum
1111 3618 1181 3682 καίτ
1206 3641 1291 3682 κατα

227 3725 291 3811 την
312 3721 499 3812 ὑπεροχην,
522 3719 632 3809 ἥνπερ
656 3727 785 3809 εἴληφε,
810 3725 889 3790 καλ
900 3718 1088 3800 διάστασιν,
1118 3747 1165 3787 ων
1180 3725 1296 3808 φαμεν

227 3860 255 3898 κ.
278 3859 306 3898 τ.
329 3835 358 3898 λ.

325 3939 392 4004 Ibd.
418 3957 444 4002 ο.
467 3937 582 4000 eante
603 3934 684 3998 med.
720 3935 763 4018 (3,
786 3935 837 4013 3):
864 3938 918 4000 καί
941 3927 1030 4020 μήτε
1053 3937 1182 4018 πατέρα
1209 3934 1292 3997 παῖ.

226 4043 294 4107 (λων
311 4035 399 4126 μήτε
422 4041 549 4114 παῖδας
567 4035 697 4124 πατρός
712 4034 803 4126 μήθ’
819 4038 903 4115 ὅλως
920 4042 1020 4126 φίλον
1032 4035 1137 4125 Ιφίλον
1150 4041 1291 4125 μηθένα
