2944 4660
324 251 363 314 66
763 255 823 310 Lib.
843 257 864 310 1.

279 447 413 529 plurium
441 449 578 516 locorum
604 451 842 533 pertractatione
870 472 928 518 non
954 456 1094 534 possunt,
1118 455 1193 518 satis
1216 455 1274 518 erit
1295 455 1345 518 hie

278 555 377 618 totum
398 574 495 638 genus
515 558 655 634 notasse,
675 557 823 640 pluraque
841 559 1050 623 desiderantes
1070 559 1109 622 55
1131 578 1169 624 55
1191 560 1345 643 ablegare,

279 677 345 744 quae
354 661 388 724 in
400 663 626 762 commentariis
639 663 680 727 ad
691 662 845 728 Ciceronis
858 663 954 729 libros
966 664 1004 729 de
1022 665 1074 728 lin.
1096 665 1136 729 ad
1147 665 1231 743 V,86
1241 685 1270 748 p.
1284 665 1344 728 759

279 767 386 832 contra
399 767 557 832 Davisium
584 767 645 831 dixi
667 767 717 850 (-
730 769 797 851 quis
828 770 910 832 enim
929 769 1134 850 Theophrasti
1155 770 1344 835 mentionem

278 871 426 949 fecisset,
471 871 499 936 si
529 892 547 936 a
576 871 716 937 Cicerone
737 875 803 957 ipso
826 875 940 939 omissa
962 876 1100 952 assati),
1121 911 1124 926 ›
1145 875 1186 939 ad
1206 876 1268 952 ΠΙ,
1304 876 1344 938 35

277 995 307 1059 p.
334 977 396 1039 403
423 979 456 1042 ot
472 978 516 1068 ad
535 977 580 1056 V,
616 979 634 1039 9
664 999 693 1061 p.
723 979 783 1042 617
814 980 1072 1045 contraBahium
1094 984 1145 1058 (-
1171 997 1345 1062 quanquam
1460 1065 1461 1072 ἵ

277 1083 373 1150 altero
399 1084 468 1148 loco
496 1101 557 1164 555
577 1085 755 1167 5151555555
783 1087 942 1150 annotatio
964 1085 1087 1150 videtur
1108 1085 1200 1168 fingi,
1223 1084 1277 1148 sod
1298 1085 1338 1148 li-

277 1189 395 1253 brarius
422 1189 455 1252 in
476 1189 577 1270 ipsam
598 1189 768 1254 orationem
791 1191 830 1256 ad
852 1191 1032 1255 Ciceronem
1055 1189 1174 1256 scilicet
1196 1205 1345 1252 excusan-

278 1293 352 1356 dum
374 1293 445 1362 haec¹
469 1294 563 1358 verba
597 1295 638 1356 ut
659 1296 813 1376 poetice
845 1297 985 1379 loquar
1012 1296 1168 1361 intorsisse
1189 1281 1344 1378 putandus

279 1401 326 1463 est
350 1400 412 1482 -),
436 1399 476 1462 ad
497 1399 555 1476 ΠΙ,
577 1399 617 1459 22
640 1419 669 1481 p.
691 1401 769 1477 381‚·
786 1401 824 1464 ad
846 1400 903 1477 ΙΗ,
927 1401 966 1463 58
987 1421 1017 1484 p.
1040 1401 1113 1478 443,
1135 1399 1343 1479 ales62p.

278 1504 338 1564 575
369 1504 474 1570 555515
502 1505 663 1582 Iacchum,
697 1509 750 1571 aut
776 1505 808 1568 in
833 1503 1000 1570 emendatt'.
1023 1505 1089 1569 Liv.
1114 1525 1144 1588 p.
1172 1505 1233 1566 398
1255 1505 1287 1568 55
1312 1525 1343 1587 5.

277 1608 348 1670 469·
371 1609 403 1672 in
435 1609 517 1673 notis
547 1612 652 1674 contra
677 1611 971 1676 Weissenbornium.
1022 1609 1104 1674 Nam
1136 1612 1193 1676 hoc
1225 1615 1343 1694 quoqne

277 1717 330 1784 aut
352 1714 520 1805 5555555515
543 1715 657 1779 critioae
680 1717 854 1800 perfugium
882 1719 936 1780 555
957 1717 1092 1781 levitatis
1114 1735 1239 1798 campus
1262 1718 1319 1800 555.

360 1807 561 1888 ascribendi
584 1815 734 1886 erroribus
756 1823 795 1886 55
817 1822 1085 1904 interpolationem
1109 1821 1258 1898 venimus,
1281 1839 1341 1904 qno

277 1925 410 2002 nomina,
439 1925 582 2002 utffdixi,
613 1945 735 1992 omnem
757 1928 963 1992 mutationem
985 1947 1003 1992 a
1024 1927 1148 1992 librario
1168 1925 1288 1994 volente
1310 1927 1343 1990 55

276 2031 426 2113 prudente
451 2021 569 2094 iactam
598 2031 830 2114 comprehendo.
887 2033 963 2098 Eius
995 2033 1096 2115 prima
1128 2031 1241 2108 forma,
1274 2032 1342 2095 tam

275 2135 369 2212 rudis,
388 2136 440 2206 uix
461 2138 504 2200 ut'
518 2137 556 2200 ab
567 2137 636 2218 ipso.
657 2137 808 2202 scribendi
830 2155 932 2203 errore
956 2139 1147 2222 seiungatun
1170 2137 1341 2218 deprehen-

275 2241 357 2306 ditur
385 2241 417 2304 in
445 2241 558 2306 litteris
586 2243 718 2323 exempli
745 2243 910 2325 propositi,
934 2262 1009 2326 quas
1030 2243 1114 2324 ipsas
1136 2242 1235 2307 scriba
1256 2244 1341 2307 recte

274 2347 413 2424 videbat,
451 2345 506 2410 sed
536 2346 609 2428 quid
637 2335 865 2429 significarent,
888 2367 947 2413 non
969 2349 1170 2432 intellegebat
1204 2350 1341 2434 autnon

273 2452 462 2524 attendebat,
483 2452 563 2516 male
577 2449 815 2538 interpretandis
828 2456 868 2516 'et
891 2453 1071 2518 mutandis:
1101 2453 1151 2517 Ad
1170 2454 1226 2517 hoc
1240 2469 1337 2537 genna

273 2551 548 2640 pertinantlitterae
563 2576 618 2640 pro
640 2558 799 2640 suisipsae
816 2559 989 2623 nominibus
1010 2559 1119 2640 positae
1140 2561 1342 2641 55551555-

273 2659 384 2740 meris,
417 2660 472 2726 555
491 2681 552 2744 «pro
580 2663 718 2744 partibus
743 2645 959 2730 vocabulorum
982 2664 1115 2744 acceptae
1138 2665 1205 2740 (aut
1232 2655 1341 2729 contra

272 2787 326 2849 pro
347 2767 501 2844 numeris,
534 2786 601 2850 qnae
623 2768 771 2832 voeabula
793 2768 895 2856 51555,
916 2768 952 2830 55
972 2768 1005 2832 in
1027 2767 1182 2832 Ciceronis
1205 2787 1273 2852 epp.
1297 2769 1338 2834 ad

230 2901 233 2914 .
272 2875 345 2940 iam.
367 2873 435 2953 XV,
465 2873 496 2949 4·,
523 2871 570 2949 9),
594 2872 773 2954 compendia
792 2891 901 2936 vocum
922 2891 982 2936 non
1002 2873 1186 2950 intellecta..
1201 2874 1256 2938 sed
1280 2875 1340 2953 alio

274 2980 410 3056 detorta,
431 2977 596 3059 'vetusque
614 2978 738 3042 omnino
761 2958 913 3042 scribendi
932 2995 1016 3055 usus,
1038 2995 1104 3060 quae
1122 2979 1341 3062 orthographia

273 3085 459 3174 appellatur,
495 3103 588 3166 prave
618 3083 764 3146 redditus.
821 3081 895 3160 (555
915 3080 1060 3164 qnoniam
1080 3084 1180 3148 multa
1202 3084 1234 3148 et
1254 3085 1341 3148 varia

272 3189 306 3253 in
327 3192 456 3272 utraque
477 3191 584 3272 lingua
606 3190 687 3266 5555,
709 3207 776 3270 qnae
799 3188 942 3269 explicari
963 3187 1022 3252 hoc
1042 3189 1108 3252 loco
1129 3192 1340 3270 5555555555,

272 3297 378 3379 paucis
398 3295 600 3378 defungamnr
622 3293 779 3375 exemplis.
825 3291 917 3374 Apud
938 3291 1061 3357 Graecos
1083 3318 1113 3356 ει
1136 3291 1286 3374 scriptum
1306 3291 1340 3354 in

273 3401 408 3474 secunda
438 3418 566 3483 persona
600 3399 728 3482 passivae
758 3395 922 3461 verborum
940 3397 1062 3475 formae,
1098 3397 1153 3462 ubi
1173 3395 1340 3478 posteriora

272 3509 364 3572 aetate
392 3533 414 3594 ῃ
444 3505 649 3581 5555555551,
676 3523 746 3568 5515
772 3503 847 3566 alibi
871 3519 987 3580 errores
1010 3502 1133 3584 genuit,
1169 3492 1237 3564 tum
1259 3500 1340 3582 apud

272 3612 450 3692 Euripidem
472 3611 505 3674 in
527 3610 651 3674 Electra
673 3609 750 3684 238,
781 3607 834 3671 ubi
856 3607 1003 3684 Electrae,
1039 3606 1113 3689 quid
1134 3605 1280 3669 nuntians
1308 3608 1341 3669 55

273 3735 411 3800 quaerens
433 3716 469 3790 is,
494 3716 578 3779 ouius
602 3717 658 3790 sub
680 3731 811 3796 persona
833 3711 1070 3788 crespelano,
1091 3711 1187 3787 adsit,
1209 3711 1339 3776 interro-

274 3822 361 3906 ganti
392 3821 437 3885 sio
464 3821 490 3884 is
516 3819 697 3900 respondet:
742 3822 773 3882 έί
794 3817 852 3904 ζῇς
875 3812 1023 3884 5155555
1046 3816 1132 3896 ζῶσα
1156 3817 1337 3900 συμφορᾶς

275 3919 500 4012 5555555151
531 3925 727 3988 omnino‘eat
756 3920 845 4009 ἔχειν
875 3945 944 3986 που
971 3920 1150 4006 συμφορᾶς
1183 3919 1340 3997 (Granum

275 4034 358 4098 esset
381 4028 477 4102 ὅπως
499 4053 605 4114 5555.
623 4025 733 4114 ἔχεις),
754 4031 872 4094 1555551
896 4029 929 4092 55
949 4045 1071 4093 verum:
1093 4021 1183 4091 ὅπου
1206 4047 1341 4109 coppo·
