2944 4660
296 263 315 324 2
698 261 871 318 Prooemium.

338 458 543 524 Contincbunt
571 457 604 521 hi
632 458 876 523 adversariorum
903 459 975 524 libri
1006 459 1065 542 (sie
1089 461 1172 526 enirn
1199 466 1321 545 recepto

252 564 316 628 iam
341 565 423 628 inter
450 563 621 646 philologos
650 565 772 628 nomine
804 565 836 628 et
863 565 997 648 plurium
1019 567 1158 650 exemplo
1181 587 1321 651 compro·

252 671 323 733 bato
345 671 499 752 appellare
514 669 641 752 placuit)
665 669 770 734 eodem
792 669 856 734 fere
878 690 1005 736 numero
1022 670 1131 736 Graeea
1153 673 1185 736 et
1199 673 1320 752 Latina,

251 777 351 858 priore
372 775 437 840 loco
451 775 516 852 illa,
538 775 620 858 quod
640 775 753 840 Graecae
774 775 887 840 litterae
910 778 942 840 et
963 778 1101 859 tempore
1123 779 1155 842 et
1169 778 1320 861 dignitate

251 881 436 963 praecedunt.
491 883 594 964 Aque
629 885 718 946 erunt
749 881 899 958 fortasse,
942 881 994 965 qui
1026 882 1143 965 aliquid
1174 883 1252 948 mihi
1288 887 1319 950 in

251 988 370 1052 Latinis
390 987 503 1052 litteris
531 988 670 1051 tribuant
692 988 724 1050 et
745 987 778 1050 in
801 1006 836 1052 eo
852 1007 965 1070 genere
986 1007 1098 1052 novaa
1118 1008 1169 1053 me
1188 990 1321 1058 libenter

251 1093 412 1174 accipiant,
439 1093 476 1158 de
500 1093 614 1158 Graecis
637 1093 787 1156 mirentur
811 1112 846 1156 ac
868 1093 969 1157 minus
992 1093 1173 1157 benevolam
1195 1113 1319 1176 exspec-

250 1201 397 1264 tationem
433 1199 577 1275 afferant,
618 1198 696 1280 quod
734 1217 803 1262 eam
843 1199 1015 1283 philologiae
1055 1202 1174 1282 partem
1219 1201 1319 1264 adhuc

250 1307 352 1371 minus
387 1304 547 1370 scribendo
583 1304 682 1387 attigi.
725 1305 790 1388 Ego
823 1305 927 1370 autem
960 1324 1029 1369 cum
1063 1305 1240 1371 adolescens
1269 1310 1319 1372 vel

249 1413 409 1495 praeeipuo'
432 1429 542 1475 amore·
562 1412 593 1473 et
620 1407 721 1474 studio
744 1410 866 1475 Graecas
896 1409 1018 1474 litteras
1041 1411 1222 1490 noluissem,
1254 1415 1318 1494 pri·

249 1540 335 1584 mum
357 1537 450 1601 prope
473 1535 545 1580 casu
559 1514 679 1592 accidit,
702 1518 746 1592 ut,
767 1535 837 1580 oum
854 1517 1010 1600 specimen
1026 1515 1150 1599 aliquod
1165 1517 1318 1582 edendum

250 1627 341 1702 esset,
367 1625 405 1688 de
428 1621 583 1688 Ciceronis
611 1621 713 1703 potius
735 1622 932 1687 Academicis
955 1625 987 1688 et
1014 1624 1101 1690 libris
1131 1627 1169 1691 de
1197 1629 1317 1712 legibus

250 1730 450 1796 emendandis
466 1728 690 1792 commentores
711 1722 804 1810 qu'am
827 1728 864 1792 de
879 1729 1016 1794 Platonis
1037 1731 1169 1812 legibus,
1187 1753 1316 1816 quarum

247 1842 310 1904 iam
341 1840 409 1901 tum
437 1836 551 1899 bonum
577 1834 716 1898 locorum
744 1853 905 1898 numerum
936 1840 1176 1920 comereram¹);
1206 1839 1316 1905 deinde

248 1965 318 2010 cum
341 1942 442 2006 subito
471 1939 643 2022 nequedum
672 1939 748 2004 satis
775 1940 900 2022 paratus
927 1939 1108 2022 professoris
1136 1943 1316 2007 Latinamm

247 2051 440 2124 litterarum,
470 2065 537 2128 quae
563 2048 667 2128 partes
693 2046 762 2108 tum
793 2045 874 2126 apud
907 2065 960 2111 uos
988 2066 1007 2110 a
1036 2047 1143 2112 Graeca
1170 2049 1316 2130 professi-

247 2173 303 2220 one
325 2154 416 2236 plane
438 2153 586 2234 separatae
611 2152 714 2228 erant,
741 2151 809 2215 vice
835 2151 922 2236 iringi
942 2153 1043 2218 iussus
1066 2171 1166 2218 essem
1193 2155 1317 2238 etpost

246 2264 310 2326 tres
340 2278 435 2324 annos
457 2257 502 2322 sie
530 2257 704 2352 legitimam
733 2257 906 2341 philologiae
934 2260 1066 2343 antiquae
1093 2259 1313 2343 professionem

247 2365 395 2442 adissem,
426 2365 461 2428 ut
480 2365 585 2428 tamen
608 2363 640 2426 et
664 2363 883 2428 consuetudine
906 2366 937 2428 et
959 2365 1038 2448 quod
1065 2367 1189 2450 collegae
1217 2369 1316 2433 multo

246 2473 369 2538 maioris
393 2472 467 2534 natu
490 2472 521 2534 et
541 2470 617 2534 hene
640 2469 677 2532 de
697 2487 747 2532 me
763 2468 868 2532 meriti
882 2472 1073 2536 voluntatem
1091 2473 1314 2538 concertatione

246 2580 357 2644 laedere
382 2577 539 2652 nolebam,
559 2575 649 2639 ‘intra
670 2575 796 2640 Latinos
828 2577 904 2641 fines
935 2577 1063 2642 docendi
1092 2583 1315 2667 scriptoresque

247 2683 409 2749 enarrandi
437 2701 528 2764 opera
555 2681 736 2745 continenda
762 2683 859 2759 esset,
887 2701 940 2765 per
966 2686 1113 2750 tredecim
1135 2688 1198 2752 fere
1220 2709 1314 2754 annos

247 2790 350 2856 studia
370 2789 521 2871 praecipue
545 2787 583 2850 ad
601 2786 727 2852 Latinas
749 2788 869 2852 litteras
893 2791 926 2853 et
946 2809 995 2855 res
1010 2793 1165 2858 Romanas
1188 2796 1313 2859 contuli.

246 2897 287 2959 ut
307 2899 411 2960 tamen
429 2893 642 2958 commentarii
654 2894 845 2960 Ciceroniani
857 2886 1023 2974 declarant,
1046 2918 1096 2962 me
1119 2919 1153 2964 eo
1177 2902 1314 2983 tempore

246 3005 357 3084 praeter
378 3000 541 3081 scriptores
565 3000 697 3077 Graecos,
720 3001 841 3082 quires
865 3001 1019 3068 Romanas
1042 3005 1213 3088 attingunt,
1240 3026 1312 3089 quos

246 3111 311 3172 tum
334 3106 406 3170 inde
428 3123 446 3168 a
469 3105 596 3191 Polybio
621 3107 659 3170 ad
680 3106 813 3170 Dionem
837 3107 977 3172 Cassium
999 3112 1196 3190 pertractavi,
1219 3114 1312 3178 etiam

244 3214 287 3291 is,
335 3232 351 3276 e
388 3212 499 3294 quibus
525 3212 741 3294 philosophiae.
769 3212 883 3278 Graecae
917 3216 1050 3299 cognitio
1085 3218 1215 3298 petitur,
1252 3239 1313 3285 uon

271 3506 298 3572 ¹)
316 3507 348 3560 In
367 3505 461 3560 libello
480 3503 529 3558 illo
551 3505 607 3557 tres
625 3504 702 3571 posui
722 3503 874 3560 Graecorum
891 3505 1010 3560 locorum
1029 3507 1212 3571 correctiones,
1232 3525 1313 3562 unam

315 3600 480 3654 scholiorum
506 3598 535 3650 in
554 3595 693 3666 Euripidis
713 3597 847 3660 Orestem,
875 3615 955 3668 quam
980 3599 1027 3668 qui
1053 3614 1083 3651 eo
1103 3599 1161 3653 loco
1180 3599 1222 3651 usi
1240 3602 1311 3663 sunt,

314 3695 468 3756 tenuerunt,
487 3691 599 3744 alteram
617 3690 739 3744 Platonis
758 3689 789 3742 de
808 3691 880 3760 legg.
899 3691 953 3744 XII
969 3709 996 3760 p.
1005 3693 1057 3746 953
1067 3692 1100 3756 D,
1119 3691 1166 3744 ubi
1184 3689 1220 3752 id,
1240 3694 1311 3760 quod

315 3801 366 3855 ego
394 3785 545 3838 coniectura
573 3799 720 3852 posueram,
749 3785 835 3837 multo
854 3787 915 3852 post
943 3783 1137 3838 Stallbaumius
1166 3787 1193 3836 et
1222 3785 1269 3838 alii
1298 3803 1311 3840 e

315 3879 406 3933 codice
425 3877 535 3945 antiquo
554 3879 718 3945 protractum
736 3875 922 3944 probaverunt,
947 3878 1054 3932 tertiam
1073 3877 1203 3931 Herodoti
1222 3879 1243 3942 I,
1268 3881 1310 3942 33,

316 3975 345 4027 in
379 3989 431 4041 quo
459 3971 516 4023 loco
546 3969 707 4022 sententiam
735 3969 869 4036 perspexi,
904 3987 957 4026 nou
990 3968 1116 4025 orationis
1149 3970 1312 4040 singularem

315 4071 439 4146 formam
