2944 4660
315 269 356 334 30
751 272 818 328 nib.
837 273 861 328 1.

271 465 486 554 πολυμαθής
506 465 596 555 οἷνήρ
627 471 681 536 καὶ
706 467 1013 560 πολυγράμματος.
1068 473 1159 550 Tum,
1186 473 1340 556 quomodo

271 575 390 658 species
422 577 553 660 glorioso
582 576 702 652 homini
731 575 871 642 detracta
899 579 955 656 sit,
993 581 1099 644 narrat
1132 573 1190 661 (Ὁ
1222 581 1340 660 μέντοι

273 674 469 753 Λουκάνιος
491 707 518 746 ν.
541 707 568 746 τ.
592 681 646 763 λ).
690 681 818 748 Prorsus
840 685 1040 750 memorabile
1062 685 1235 767 exemplum
1256 684 1341 749 vocis

273 787 363 870 paulo
384 777 508 852 rarioris
530 788 562 852 in
585 790 647 852 tres
670 805 742 851 cnm
763 771 867 869 aliqua
886 787 1061 854 litterarum
1082 790 1253 854 mutatione
1277 790 1342 855 dis-

271 894 391 957 tractae
408 893 501 957 habet
528 892 667 958 ciusdem
695 891 856 957 Plutarchi
884 895 950 959 vita
978 895 1090 979 Pyrrhi
1110 916 1135 960 o.
1158 896 1187 974 3,
1220 897 1274 962 ubi
1304 897 1342 961 de

272 997 405 1064 Glaucia
425 999 598 1082 lllyriorum
620 1016 709 1082 rege,
740 997 892 1080 adquam
915 1001 1051 1085 Pyrrhus
1072 1001 1175 1066 infans
1197 1019 1216 1066 a
1239 1004 1343 1068 custo·

272 1104 371 1168 dibus¹
384 1103 570 1188 fugientibus
593 1100 712 1166 delatus
736 1105 812 1180 erat,
835 1104 879 1168 sic
901 1107 1060 1171 scribitur:
1096 1102 1142 1174 ‘0
1164 1101 1193 1172 (λ’
1215 1098 1260 1190 ἦν
1285 1108 1341 1172 ἐπὶ

274 1202 414 1294 ’γνώμης
425 1204 633 1290 Κάσανδρον
654 1203 820 1282 δεδοικώς·
834 1205 960 1294 ἐχθρόν
981 1209 1066 1277 dura
1089 1216 1151 1279 τοῦ
1172 1214 1343 1280 Αἰακίδου

273 1316 400 1399 (Pyrrhi
420 1315 530 1398 patris)
555 1315 610 1379 nat
633 1309 766 1398 σιωπήν
795 1315 860 1401 εἶχε
893 1313 1005 1384 πολύν
1034 1313 1157 1405 χρόνον
1177 1313 1342 1403 βουλευό·

274 1439 389 1504 μενος.
429 1419 565 1503 *Neque
602 1421 707 1486 Gracc
740 1422 804 1486 ullo
843 1426 981 1507 exemplo
1017 1425 1130 1493 dicitur
1163 1425 1251 1490 οἶνοι
1269 1427 1342 1490 ,ἐπὶ

273 1521 440 1612 prolabor
457 1525 537 1599 etsi
557 1527 719 1602 diceretur,
753 1529 790 1590 ut
809 1531 892 1593 esset
913 1529 1146 1608 deliberare,
1178 1531 1344 1596 manifesta

274 1634 360 1700 asset
391 1632 561 1716 tautologia
597 1633 629 1696 in
664 1631 801 1714 proximo
831 1635 1096 1720 βουλευόμενος.
1157 1637 1342 1702 Plutarchus

274 1739 456 1822 scripserat:
496 1731 542 1803 Ὁ
570 1729 599 1802 δ’
626 1729 846 1823 ἠμφιγνώμοι
880 1739 1028 1821 (incertus
1057 1725 1220 1808 salutantia
1252 1744 1343 1826 erat).

274 1844 363 1908 Idam
393 1843 426 1906 in
455 1842 545 1907 Nicia
572 1861 598 1908 c.
627 1842 645 1903 9
677 1843 842 1926 postquam
872 1844 950 1910 dixit
979 1829 1169 1930 aliquamdiu
1200 1867 1216 1912 e
1248 1848 1343 1912 variis

272 1949 395 2028 indiciis
417 1948 609 2013 intellechrm
630 1967 708 2028 essa,
730 1948 1026 2015 Lacedaemoniorum
1052 1954 1083 2016 ot
1106 1953 1344 2019 Atheniensium

274 2054 394 2119 animos
416 2053 489 2144 belli
509 2053 640 2131 taedere,
669 2055 825 2136 postremo
855 2055 931 2138 quid·
950 2056 1068 2121 factum
1089 2057 1141 2136 sit,
1171 2059 1219 2123 his
1240 2059 1343 2124 verbis

274 2160 375 2242 ponit:
404 2151 518 2224 ἔπειθ’
541 2153 629 2223 οὕτω
649 2159 732 2240 περὶ
755 2159 885 2233 παντὸς
907 2159 1100 2250 οἶςλόγους
1122 2156 1344 2248 συμβάλλον-

276 2289 333 2337 τες
355 2256 563 2348 ἐποιήσαντο
586 2263 651 2349 τήν
672 2263 822 2350 εἰρήνην.
865 2268 906 2332 ut
929 2268 1031 2351 inepte
1052 2287 1108 2350 per
1129 2288 1162 2333 se
1184 2269 1222 2333 de
1244 2271 1347 2334 omni·
1373 2315 1377 2320 -

273 2373 332 2437 bus
349 2372 440 2436 rebus
459 2371 601 2436 collocuti
623 2390 691 2436 asse
716 2371 869 2450 hennam,
891 2392 990 2456 neque
1010 2375 1068 2438 hoc
1082 2375 1166 2438 recte
1181 2375 1347 2459 superiori-

276 2478 333 2542 bus
353 2477 520 2560 respondet
541 2495 640 2560 neque
661 2477 764 2558 ipsum
785 2478 816 2541 in
839 2477 957 2544 Graeais
978 2477 1078 2545 verbis
1107 2479 1205 2558 inest;
1238 2499 1347 2546 neces·-

276 2582 358 2652 sario
384 2583 467 2647 enim
489 2582 683 2648 scribendum
706 2585 773 2648 erat
794 2585 872 2668 rrs‘pl
896 2577 1047 2650 πάντων.
1089 2583 1151 2650 Sed
1161 2585 1347 2652 Plutarchus

277 2688 458 2770 scripserat:
489 2675 602 2752 ἕποιθ’
632 2685 725 2752 οὕτω
752 2692 991 2774 περιφανῶς
1024 2695 1073 2764 εἰς
1110 2684 1230 2777 λόγους
1257 2715 1348 2776 ουν-

278 2784 467 2875 βάλλοντες
482 2797 506 2856 ἐ.
519 2819 547 2857 ν.
561 2797 621 2878 rip.
668 2795 713 2860 Ut
725 2795 766 2860 ad
778 2797 891 2862 Latina
903 2798 1043 2880 exempla
1063 2800 1230 2874 transeam,
1253 2815 1348 2878 qnam
1463 2789 1464 2806 ¹

279 2916 360 2979 saepe
373 2897 454 2964 Livii
468 2898 586 2963 librarii
601 2919 617 2963 e
631 2901 732 2982 prima
744 2902 863 2986 syllaba
877 2901 962 2967 verbi
983 2901 1137 2984 quiesco
1159 2905 1191 2966 et
1206 2901 1350 2966 adiectivi

276 3003 436 3090 quietus
468 3023 635 3086 pronomen
675 3007 737 3089 qui
776 3008 948 3085 effecerint,
997 3007 1107 3098 ceteris
1140 3006 1348 3090 pessundatis,

282 3107 400 3172 dictum
434 3110 539 3174 estin
573 3111 742 3176 emendatt.
764 3112 831 3178 Liv.
859 3132 889 3195 p.
912 3113 972 3174 617
1002 3114 1036 3176 et
1064 3113 1096 3176 in
1125 3113 1243 3196 praefat.
1268 3113 1350 3178 Livii

277 3217 369 3278 ama
392 3214 470 3282 aditi
488 3217 547 3280 vol.
571 3217 615 3280 IV
637 3217 712 3281 fasc.
733 3218 750 3280 1
772 3238 802 3300 p.
830 3217 877 3278 13.
919 3219 956 3282 In
978 3218 1080 3282 Taciti
1101 3237 1220 3301 quoque
1243 3216 1349 3282 codice

281 3305 418 3384 Modioao
446 3319 538 3399 XIV,
583 3323 622 3384 λλ
659 3341 714 3404 pro
749 3324 872 3404 quieti
907 3323 1012 3386 urbis
1050 3323 1193 3388 scribitur
1231 3323 1293 3405 qui
1332 3341 1349 3386 e

281 3425 458 3506 turbis¹);
488 3427 543 3491 sed
564 3428 680 3493 mansit
701 3429 849 3492 mendum
871 3447 906 3492 er
928 3427 1036 3492 eadem
1059 3447 1152 3494 causa
1171 3428 1265 3509 paulo
1288 3425 1351 3490 aha
1463 3449 1464 3458 ¹

276 3531 379 3596 forma
403 3532 512 3596 natum
534 3531 565 3596 in
595 3551 664 3597 ann.
687 3533 770 3613 XIV,
801 3533 851 3609 26,
880 3533 934 3596 ubi
955 3533 1073 3598 editur:
1108 3531 1207 3598 unde
1239 3531 1351 3614 (legati
1463 3583 1464 3622 ἕ

283 3637 511 3721 Hyrcanorum)
541 3635 681 3702 vitatis
703 3638 935 3702 Parthorum
961 3639 1107 3703 finibus
1135 3637 1284 3720 patrias
1312 3636 1351 3701 in
1463 3655 1464 3714 3

281 3742 395 3806 sedes
427 3761 653 3808 remeavere.
703 3742 800 3822 Quin
831 3744 870 3807 et
891 3743 1099 3822 'Tiridaten
1126 3763 1194 3828 per
1220 3741 1350 3806 Medos

312 3972 338 4037 ¹)
358 3968 459 4024 Contra
481 3968 553 4038 apud
577 3968 636 4022 Val.
656 3967 727 4022 Mar.
747 3966 793 4032 IV,
814 3969 829 4022 7
848 3967 917 4024 Ε.2
947 3968 1028 4023 codex
1053 3969 1172 4038 optimus
1201 3966 1351 4036 quietam
1463 3947 1464 3966 ¹

355 4061 437 4116 habet
457 4077 505 4130 pro
524 4060 645 4129 quiea.
1463 4055 1464 4072 ¹
