2942 4676
632 313 694 370 Lib.
711 315 745 372 V.
1110 311 1171 375 723

151 515 294 583 nendum
332 517 396 581 est:
445 520 510 601 ἔχει
548 507 612 600 peip
648 509 861 596 Θουκυδίδης
894 514 959 598 μὲν
993 518 1031 579 ἐν
1069 506 1216 602 τετάρτη

150 617 287 706 ’ἀκτῆς
319 622 399 704 (haeo
421 621 481 686 duo
503 620 534 685 in
561 617 714 684 codicibus
740 617 872 684 conflata
901 617 934 682 in
968 611 1088 705 α’ρκτηι
1123 639 1217 704 supra

151 729 270 811 :scripto
291 727 323 791 in
345 725 420 791 Urb.
443 727 497 812 χη”)
533 725 594 809 τῆς
621 723 771 809 Θρᾳκίας
803 715 949 809 μνήμην
990 727 1044 792 καλ
1078 727 1147 791 τῶν
1180 731 1217 792 ἐν

156 828 247 924 αὕτη
269 837 433 918 κειμένων
454 824 604 905 πόλεσιν,
634 825 676 902 (ἲς
697 831 849 896 οἰκοίσιν
870 826 1051 915 ἅνθρωποι
1075 833 1218 922 δίγλωτ-

160 959 229 1006 τοι·
263 939 342 1023 περὶ
370 939 403 1004 δὲ
426 941 487 1004 τοῦ
509 937 728 1023 Πελασγικοῦ
750 942 877 1009 ἔθνους
898 931 955 1002 ὅδε
978 930 997 1003 o‘
1020 931 1132 1026 λόγος·
1166 948 1217 1006 ε”νι

159 1047 195 1114 δέ
215 1071 248 1112 τι
273 1071 301 1112 κ.
318 1069 346 1110 τ.
365 1047 393 1109 λ.
427 1043 584 1110 Particula
606 1047 671 1128 μέν
690 1042 820 1107 refertur
841 1042 879 1106 ad
893 1043 943 1135 lid,
965 1045 1046 1127 quod
1066 1046 1218 1130 sequitur:

160 1155 329 1238 Σοφοκλεῖ
352 1151 395 1218 δι’.
435 1150 523 1230 Quod
543 1150 576 1214 in
597 1147 751 1214 codicibus
773 1148 844 1212 ante
862 1149 1075 1232 Θουκυδίδης
1096 1149 1219 1216 additur

161 1259 240 1342 περὶ
264 1249 387 1334 αὐτῶν,
410 1255 599 1338 adscriptum
622 1256 670 1319 est
690 1254 729 1318 ab
751 1253 862 1336 aliquo,
884 1255 936 1337 qui
957 1274 1018 1320 nou
1035 1255 1219 1336 attenderat

159 1363 296 1448 primum
331 1362 473 1427 universe
507 1360 644 1438 indicari,
680 1376 772 1442 quam
803 1359 997 1426 occasionem
1024 1361 1219 1445 Thucydides

161 1467 305 1534 habuerit
338 1468 539 1552 Pelasgorum
572 1463 927 1541 commemorandum,
967 1466 1035 1530 tum
1055 1467 1219 1552 ‘subiungi

159 1573 234 1659 quid
254 1575 292 1640 de
315 1573 354 1639 iis
376 1572 494 1636 dixerit.
502 1573 526 1651 ¹)
1191 1587 1192 1592 ’

258 1678 292 1743 0.
316 1679 356 1740 29
389 1677 602 1744 scribendum:
640 1673 749 1740 καίτοι
782 1670 999 1761 θαυμάσειεν
1021 1673 1065 1742 ἄν
1089 1701 1152 1754 τις,
1189 1679 1220 1743 ελ

159 1785 372 1856 Πλακιανοῖς
407 1787 473 1867 μὲν
505 1831 511 1845 .
547 1835 555 1849 .
589 1829 598 1847 .
635 1775 763 1866 ὅμοιάν
796 1776 973 1850 διάλεκτον
1006 1779 1097 1870 εἶχον
1132 1831 1140 1848 .
1167 1831 1174 1848 .
1198 1829 1220 1859 .,

166 1893 356 1975 Τυρρηνοῖς
378 1890 412 1955 δὲ
436 1937 444 1953 .
469 1937 476 1952 .
501 1937 509 1954 .
532 1887 641 1972 μηδὲν
666 1882 806 1972 ὁμοίου·
830 1892 862 1953 ελ
882 1883 948 1976 μοὶρ
972 1915 999 1954 κ,
1023 1915 1052 1954 τ.
1075 1893 1102 1955 λ.
1136 1890 1221 1956 -Ro-

158 2013 294 2081 pugnare
316 1997 382 2060 hac
404 1994 570 2079 Dionysius
592 1992 668 2059 dicit
687 1995 721 2059 et
747 2013 783 2059 cr
808 2013 845 2059 eo
874 1995 1026 2061 concludit
1047 1995 1220 2081 Tyrrhenos

160 2102 307 2186 Pelasgos
333 2119 392 2166 non
422 2117 502 2166 esse.
551 2099 680 2166 Prorsus
708 2100 808 2166 aliena
836 2099 875 2166 ab
904 2101 962 2165 loci
988 2102 1143 2167 sententia
1169 2102 1217 2166 est

160 2208 257 2273 altera
288 2203 537 2290 interrogationis
563 2205 679 2285 forma,
708 2206 786 2271 nihil
809 2206 841 2271 in
867 2205 914 2270 his
942 2205 1014 2270 miri
1035 2224 1102 2272 esse
1124 2205 1221 2291 sigui·

159 2311 253 2378 ficana
276 2313 331 2378 aut
351 2313 432 2396 quod
454 2311 612 2394 repugnet.

261 2417 293 2486 G.
316 2419 357 2482 30
385 2415 558 2482 tollendum
588 2417 651 2502 γης
687 2417 759 2499 post
788 2413 1046 2500 μητροπόλεως,
1079 2416 1220 2483 additum

161 2522 342 2606 abaliquo,
376 2523 429 2606 qui
449 2515 664 2607 μητρόπολιν
690 2523 719 2590 h.
742 2523 763 2588 l.
785 2521 926 2586 universe
950 2521 989 2586 de
1010 2522 1128 2605 patria,
1162 2540 1223 2588 non

40 2615 45 2622 ’
159 2629 279 2711 proprie
301 2628 338 2692 de
367 2629 442 2693 urbo
475 2627 575 2710 patria
600 2625 662 2690 dici
688 2625 924 2711 significandum
954 2627 1082 2710 putarit.
1126 2628 1222 2694 Paulo

159 2734 229 2814 post
263 2751 317 2816 pro
354 2724 592 2800 κινδυνεύουσι
628 2724 692 2818 γάρ
728 2731 924 2797 scribendum
964 2727 1222 2801 κινδυνεύουσιν

159 2832 250 2924 ἄρα.
273 2838 427 2916 (Reislrius
449 2838 558 2924 γοῦν.)

261 2941 294 3008 0.
318 2944 356 3006 31
382 2963 398 3009 e
421 2943 558 3008 codicum
585 2943 750 3026 scriptura:
786 2941 885 3008 duodo
911 2937 1061 3016 α’λτικοῑς
1088 2936 1225 3030 πληρολ·

161 3071 271 3132 μασιν
294 3047 375 3114 effici
397 3049 489 3114 debet
511 3046 539 3114 (λ.
562 3041 584 3114 α’
591 3051 755 3132 λητικοῑ
763 3071 780 3120 ς
802 3050 860 3113 τιλ.
896 3049 1066 3116 Piscatoria
1088 3043 1224 3137 πληρώ-

160 3179 256 3240 ματα
292 3155 378 3218 nulla
413 3156 484 3220 sunt
518 3171 575 3218 noc
605 3153 778 3236 piscatoriis
811 3153 932 3238 scaphis
964 3156 1103 3222 Arcados
1139 3175 1224 3224 maro

163 3259 313 3326 transisse
334 3257 498 3342 Dionysius
529 3257 722 3342 significarit
774 3261 855 3324 Tum
887 3260 1051 3326 delendum
1084 3267 1121 3328 ἐν
1153 3265 1225 3329 ante

164 3361 228 3445 οἷς,
249 3367 349 3430 σηοω
371 3381 408 3428 ex
428 3364 547 3430 ultimis
570 3363 683 3430 littoris
706 3366 848 3431 vocabuli
870 3361 1108 3454 πληρώμασιν.

263 3471 300 3536 0.
325 3473 363 3532 41
387 3473 453 3536 tam
475 3471 615 3554 apertum
643 3473 692 3536 est
718 3472 812 3538 sonui
845 3472 972 3539 debere:
1009 3471 1157 3561 Ἕλλησί
1187 3497 1225 3542 τι

159 3691 360 3704 *-

197 3834 219 3905 ¹)
238 3831 267 3889 Ο.
287 3833 411 3890 retecto
430 3831 495 3891 Urb.
515 3835 659 3906 ὀνομάτων
678 3879 685 3894 .
706 3879 714 3895 .
733 3879 740 3894 .
760 3837 924 3911 ἐπαλλαγὴν,
952 3839 1023 3896 unde
1041 3843 1130 3897 ortum
1148 3839 1228 3898 hot·

234 3923 327 3996 λαγὴν.
365 3925 540 3997 significatur
557 3933 652 3986 mutua
674 3931 837 4002 permutatio
861 3936 890 3989 ot
914 3935 1070 4004 permixtio,
1094 3951 1148 3991 uon
1166 3935 1227 3992 mn·

234 4019 311 4084 tutio,
331 4020 494 4092 μεταλλαγή.

981 4113 1030 4168 ιο·
