2994 4672
651 299 713 356 Lib.
730 299 783 354 111.
1148 299 1210 362 437

186 495 314 567 δυναταὶ
340 505 497 584 ἐξαρκεῖν.
531 483 634 563 Verba
650 475 799 582 δύναμιν
816 504 933 583 ἔχοντα
956 499 1000 563 sio
1021 517 1075 580 per
1096 516 1128 562 se
1150 499 1250 580 posita

184 607 263 671 nihil
285 625 417 688 ¹prorsus
453 604 637 688 significant.
691 601 847 668 Nimirum
868 605 958 670 Plato
980 601 1159 684 scripserat:
1189 597 1250 669 δύ-

185 738 293 796 ναμιν
325 720 441 797 ἔχοντα
472 711 665 787 ξανίαιαται
693 714 788 793 μέχρι
820 704 919 782 τινας
945 701 1067 794 χρόνον
1100 699 1250 792 ἐξαρκεῖν

185 821 387 902 (potestatem
411 817 557 883 habentia
586 833 682 898 usque
703 814 743 878 ed
757 815 889 904 ,eertum
921 817 1044 894 tempus
1077 816 1245 895 menendi).

184 924 245 1003 Qui
261 943 324 988 non
338 924 491 989 intellexit
507 927 656 1005 ἐξαρκεῖν
671 920 801 1003 pendere
817 921 855 985 ab
876 921 930 984 illo
954 912 1104 1002 δύναμιν
1116 918 1118 921 ’
1129 929 1247 1008 ἔχοντα

184 1033 238 1096 aut
251 1017 312 1116 'qui
333 1030 365 1094 id
388 1047 528 1094 enarrare
549 1027 656 1104 voluit,
679 1026 844 1108 edson'psit
865 1020 1006 1092 devesei.

283 1136 350 1202 Ibd.
372 1155 402 1218 p.
427 1135 465 1195 91
489 1135 528 1198 A.
578 1127 760 1198 Incredibile
782 1132 840 1212 est,
870 1131 1025 1196 neminem
1050 1130 1247 1201 scribendum

182 1242 313 1308 vidisse:
347 1235 411 1325 τήν
433 1241 501 1304 ’τοῦ
529 1241 639 1304 ποτοῦ
668 1239 836 1314 διέξοδον,
870 1233 893 1322 ἢ
920 1242 1002 1320 (pro
1020 1224 1056 1321 ᾖ)
1090 1235 1148 1301 δια
1185 1242 1248 1303 τοῦ

183 1342 380 1432 πλείριανος
402 1342 439 1412 ἰα’
465 1338 560 1437 πόρια
660 1344 1083 1428 ξννεαπὲριπιιδεχαμένη.
1128 1343 1248 1408 Deinde

183 1456 237 1539 (B)
259 1455 304 1519 sie
327 1451 619 1535 interpungendum:
643 1445 661 1515 ό
684 1451 730 1524 δὲ,
754 1447 814 1516 ἅτε
913 1443 1028 1532 λαβών
1050 1441 1246 1534 α’ναπνοήν,

182 1555 298 1632 τοῦθ’,
321 1548 410 1647 ᾖπερ
433 1551 641 1629 α’νέπνεααι,
660 1553 726 1639 ’τῆς
747 1558 866 1641 ἐκροῆς
888 1549 1030 1638 §motarje
1052 1556 1247 1638 ἐπιθυμίαν

182 1661 373 1752 ἐμποιήσας
405 1657 514 1749 αὐτῷ,
551 1663 612 1727 τοῦ
640 1663 766 1748 γεννᾶν
796 1669 900 1745 ἔρωτα
936 1655 1131 1736 α’πενὲλεαα,
1165 1662 1244 1726 hane

180 1773 281 1856 ipsam
303 1771 433 1854 partem,
455 1787 514 1852 que
534 1769 712 1850 respiravit,
725 1767 896 1854 generandi
917 1785 1052 1832 emerem
1074 1749 1184 1832 efleeit.

281 1983 326 2048 De
353 1980 514 2065 legibus¹)
546 1980 601 2044 lib.
623 1981 639 2043 I
662 2001 692 2062 p.
717 1979 777 2042 628
799 1981 825 2043 Β
849 1999 923 2044 son:
961 1971 1172 2063 νικησάντων
1205 1979 1241 2047 δὲ

180 2084 390 2172 ὁποτέραν
413 2093 477 2170 (pro
499 2088 671 2168 πατέρων),
698 2087 796 2150 altera
818 2089 888 2151 utra
909 2087 1005 2168 perte.
1055 2149 1058 2172 Ι

280 2195 342 2276 (De
354 2215 384 2276 p.
398 2189 500 2256 6331)
522 2192 641 2256 dictum
664 2211 756 2274 supre
777 2211 807 2274 p.
823 2193 886 2256 81‚‚
916 2191 952 2257 Ρ.
976 2191 1035 2252 632
1058 2191 1083 2254 Ε
1106 2193 1243 2266 seriben-

179 2292 380 2365 dum'erate
402 2299 465 2362 ood.
485 2295 526 2370 ·Ξ
543 2299 575 2362 et
598 2297 685 2363 aliis:
713 2293 858 2383 ὕπερον
881 2298 912 2361 dt
937 2290 1061 2382 α’ρειῆς
1083 2291 1197 2381 πάσης
1219 2294 1241 2362 ἅ

178 2433 217 2494 ye
240 2389 303 2470 νῦν
326 2401 366 2488 dd
391 2399 592 2489 διήλθομεν,
616 2422 631 2466 e
654 2421 712 2485 quo
735 2396 776 2467 ια’
799 2429 836 2487 γι
858 2403 890 2466 in
912 2404 1028 2484 optimo
1048 2405 1150 2466 ertum
1172 2405 1242 2480 est.)

279 2511 345 2575 lbd.
378 2530 407 2592 p.
428 2509 490 2584 638
519 2510 543 2574 C
578 2507 749 2573 tollendam
785 2511 834 2574 est
867 2508 994 2572 verbum
1027 2511 1242 2591 προσφέρειν,

179 2618 260 2701 quod
282 2613 368 2680 nulla
386 2614 508 2679 omnino
531 2617 691 2678 structura*
707 2633 777 2678 eum
800 2614 910 2678 ueteris
932 2615 1077 2690 eoheeret,
1101 2614 1240 2678 additum

178 2723 217 2787 ab
239 2722 349 2804 aliquo,
372 2720 424 2802 qui
447 2727 556 2805 ε”χονσι
578 2719 777 2783 indicativum
793 2738 861 2784 esse
875 2719 1004 2802 putavit.
1028 2719 1241 2799 (Recentiores

178 2827 252 2910 quid
272 2827 381 2909 putent
396 2845 473 2903 esse,
496 2844 555 2890 non
577 2825 728 2902 dixerim.)
764 2826 853 2889 Plato
875 2825 915 2888 ad
937 2825 1130 2889 substantiva
1150 2818 1239 2908 μήτε

177 2927 243 3016 τήν
265 2931 425 3018 ἐργασίαν
446 2927 535 3016 μήτε
555 2925 620 3015 τήν
642 2925 843 3015 προσφοράν
864 2929 961 2994 laxius
984 2929 1072 3014 quasi
1088 2930 1133 2999 rad
1148 2931 1241 3010 verba

177 3037 315 3102 adiunxit
335 3038 413 3100 hane
434 3037 516 3101 modi
538 3037 570 3101 et
591 3036 806 3101 condicionum
828 3036 1096 3119 significationem:
1120 3033 1240 3102 ὅντινα

207 3269 229 3336 ²)
247 3271 287 3324 Ex
305 3271 357 3335 his,
376 3274 407 3326 ut
425 3268 487 3333 diri,
508 3271 607 3338 primos
623 3273 754 3340 quattuor
770 3269 854 3324 libros
871 3271 956 3339 relegi
968 3287 992 3324 a.
1005 3273 1075 3327 1852
1093 3273 1238 3336 aut18533

246 3361 280 3415 ad
298 3365 470 3431 ueteresque
489 3377 622 3430 promam,
636 3367 699 3422 ante
718 3363 897 3432 quadraginta
913 3379 997 3416 annos
1015 3366 1144 3418 annotata
1163 3367 1249 3428 sunt„

246 3471 317 3508 nuno
334 3455 579 3509 enmStallbsnmii
599 3455 717 3510 editione
735 3455 841 3510 collata.
884 3456 912 3507 Ie
930 3455 1015 3520 senile
1034 3458 1061 3508 et
1079 3456 1239 3528 languidum

245 3563 319 3615 opus,
339 3549 467 3602 orationis
479 3547 556 3602 flurre
569 3552 598 3603 et
610 3548 745 3613 dissolute
761 3547 921 3617 ambagibus
939 3547 1052 3602 difficile
1071 3551 1100 3602 et
1115 3549 1243 3618 antiquie

245 3638 425 3708 gravibusque
446 3641 563 3704 mendis,
595 3642 676 3696 etiarn
699 3641 903 3703 additamentis,
935 3656 965 3694 ex
993 3641 1045 3695 illa
1070 3641 1235 3694 obscuritate

245 3732 318 3785 netis
342 3731 475 3794 obsitum,
506 3733 587 3786 senili
608 3733 756 3800 timidaque
780 3749 859 3800 opere
877 3734 1018 3797 tractavit,
1049 3733 1138 3786 multe
1155 3747 1238 3800 prava

244 3826 380 3892 uteunque
404 3840 530 3890 excusans
557 3826 585 3878 et
611 3825 724 3878 lieenter
747 3825 895 3878 enarrando
917 3825 1075 3888 defendens,
1101 3841 1160 3894 quae
1188 3825 1238 3878 alii

245 3915 425 3990 (Turieenees,
454 3916 635 3982 Hermannas)
660 3917 732 3969 reete
760 3920 942 3998 correxerant,
955 3973 959 3983 ‚
972 3918 1095 3986 quaedam
1126 3920 1236 3986 preater-

244 4008 311 4063 iens.
347 4007 436 4068 Multa
464 4025 495 4062 ex
521 4009 565 4074 iis,
596 4023 653 4076 que
680 4009 745 4062 olim
770 4011 966 4074 annotantem,
985 4009 1090 4078 interea
1107 4012 1236 4078 eeoupata

244 4099 278 4154 ab
295 4099 358 4154 eliis
377 4103 449 4155 sunt.
