2994 4672
696 1278 820 1352 Liber
852 1278 916 1354 IV.

739 1445 822 1526 (lap.
850 1445 873 1508 Ι.

602 1597 740 1668 Polybius,
759 1597 892 1652 Diodorus
911 1595 1026 1652 Siculus.

376 1747 580 1831 Scriptoribus
605 1748 719 1813 Atticis
742 1703 933 1814 adiunximus
954 1749 1166 1826 Aristotelem,
1188 1746 1339 1812 sermonis

275 1873 393 1938 quoque
424 1855 522 1935 ipsius
554 1855 652 1918 forma
679 1854 751 1937 (non
779 1856 878 1919 solum
906 1855 1025 1919 dicendi
1047 1858 1172 1938 genere)
1207 1853 1245 1918 ab
1276 1853 1339 1916 illis

275 1961 350 2025 satis
373 1959 557 2032 seiunctum,
587 1959 643 2023 sed
663 1961 768 2023 tamen
789 1959 1005 2025 Demosthenis
1027 1960 1191 2044 aequalem,
1222 1960 1337 2022 utnon

274 2068 306 2130 in
328 2064 475 2148 temporis
497 2063 675 2142 interuallo,
710 2065 817 2129 sedin
845 2065 961 2149 origine
989 2067 1071 2141 eius,
1108 2063 1339 2138 consuetudine,

273 2169 397 2254 ingenio
418 2170 519 2252 posita
546 2168 588 2232 sit
617 2168 803 2234 diversitatis
826 2188 928 2234 causa.
982 2171 1162 2236 Transimus
1185 2169 1223 2232 ad
1243 2169 1339 2252 scrip-

272 2278 373 2340 torem
402 2276 441 2339 ab
462 2274 630 2340 Aristotele
658 2276 691 2339 et
717 2254 923 2339 Demosthene
950 2273 1070 2359 integro
1102 2276 1202 2340 seculo
1231 2276 1263 2338 et
1291 2273 1339 2338 di-

273 2381 368 2446 midio
391 2380 568 2454 distantem,
590 2380 623 2443 in
645 2380 833 2462 exponendo,
862 2381 1119 2462 quemadmodum
1144 2363 1244 2446 Graeci
1265 2380 1339 2444 reli-

274 2487 385 2569 quique
406 2485 512 2568 populi
536 2485 592 2549 sub
614 2486 820 2550 Romanorum
854 2486 1018 2569 imperium
1045 2486 1163 2550 redacti
1191 2487 1269 2564 sint,
1302 2503 1339 2549 ea

274 2591 373 2656 Graeci
395 2591 543 2655 sermonis
565 2590 674 2666 forma,
703 2611 769 2674 quae
791 2592 963 2656 communis
986 2591 1166 2674 appellatur,
1188 2592 1337 2668 utentem,

273 2695 386 2760 abillo
409 2695 448 2760 ad
470 2696 637 2780 Augusteae
659 2697 758 2761 aetatis
780 2696 946 2778 scriptores
967 2697 1096 2761 venturi.
1135 2696 1213 2760 Sunt
1233 2699 1338 2761 autem

272 2800 307 2865 hi
333 2802 514 2884 scriptores,
550 2803 586 2865 nt
622 2821 640 2865 a
670 2803 857 2884 proprietate
891 2794 1007 2888 ingedii
1033 2803 1129 2866 Attici
1164 2803 1196 2866 et
1226 2802 1340 2866 artium

273 2906 451 2990 Graecarum
472 2907 547 2972 flore
570 2909 698 2980 remoti,
725 2908 771 2972 ita
799 2909 831 2971 et
858 2923 961 2972 rerum
989 2926 1100 2991 genere
1122 2910 1153 2972 et
1175 2909 1242 2990 ipsa
1264 2909 1340 2972 scri-

271 3011 366 3077 bendi
387 3013 495 3086 forma,
525 3013 552 3076 si
576 3031 637 3076 non
661 3012 748 3077 suavi
770 3013 802 3076 et
824 3015 948 3092 ornata,
976 3014 1010 3076 at
1039 3013 1198 3095 perspicua
1220 3012 1284 3075 lere
1307 3013 1339 3075 el

273 3117 378 3188 stabili
408 3117 561 3182 faciliores
584 3136 676 3199 quam
698 3136 774 3199 quos
796 3117 945 3182 hactenus
966 3117 1179 3183 tractavimus.
1231 3118 1339 3199 ltaque

273 3206 357 3301 eamJ
376 3243 468 3306 quam
490 3224 529 3287 ab
551 3222 639 3286 iriitio
662 3223 847 3304 propositam
864 3222 941 3287 mihi
957 3221 1018 3287 dixi
1035 3242 1187 3306 quamque
1201 3223 1339 3288 materiae

273 3329 443 3411 amplitudo
466 3329 613 3412 postulat,
642 3327 794 3392 scribendi
821 3328 1006 3402 breuitatem
1033 3327 1097 3392 iam
1124 3329 1224 3412 magis
1253 3329 1341 3412 sequi

272 3434 387 3512 licebit,
411 3433 660 3499 emendationum
682 3433 783 3498 causis
817 3435 870 3498 aut
883 3433 1024 3524 'omissis'
1046 3434 1101 3498 aut
1127 3434 1219 3498 uerbo
1242 3433 1339 3518 signi-

196 3559 199 3566 ·
271 3537 382 3603 ficetis.

372 3641 539 3724 Polybium
580 3663 651 3709 oum
685 3644 804 3710 iuuenis
840 3643 973 3708 maxime
1004 3661 1108 3706 rerum
1129 3643 1338 3716 Romanarum

274 3765 367 3810 causa
388 3747 524 3814 studiose
543 3750 697 3833 legerem,
730 3748 991 3832 Schweighauseri
1014 3748 1108 3830 copiis
1131 3750 1231 3826 utens,
1255 3767 1340 3812 com-

272 3853 361 3935 plura
382 3853 576 3931 emendavir
594 3874 700 3918 eorum
725 3854 786 3918 alia
807 3855 871 3918 iam
892 3853 970 3932 tum,
993 3873 1062 3918 cum
1086 3855 1156 3918 ante
1179 3853 1285 3917 decem
1308 3852 1340 3915 et

272 3958 362 4040 paulo
389 3959 459 4040 plus
489 3977 583 4023 annos
612 3959 734 4023 Livium
761 3961 899 4024 tractans
928 3979 1058 4043 magnas
1088 3958 1209 4042 Polybii
1235 3959 1340 4040 partes

271 4062 461 4128 Bekkeriano
488 4064 626 4146 exemplo
653 4065 741 4128 utens
770 4082 995 4147 percurrerem,
1028 4067 1175 4146 occupata
1203 4063 1241 4128 ab
1269 4062 1358 4126 aliis,
