2954 4664
305 271 379 336 180·
743 271 804 330 Lib.
822 271 846 329 1.

261 472 378 536 ceteros
407 470 567 554 scriptores
598 470 744 537 infinitivi
771 469 863 536 uerbo
893 472 1015 552 ἐλπίζω
1044 473 1199 540 subiuncti
1232 491 1291 538 usu
1301 475 1324 551 ¹)

261 577 311 640 vix
322 595 358 642 ex
373 576 448 642 totis
464 576 578 644 litteris
588 565 703 644 Atticis
718 577 826 642 decem
840 575 1036 660 proferuntur
1052 579 1159 646 coristi
1173 578 1323 660 exemplu,

261 681 402 763 quaedem
443 681 507 746 ihm
541 681 680 748 codicum
713 682 893 748 auctoritate
927 685 1063 750 correcte
1098 683 1323 768 corrigendive,

259 787 403 870 pleraque
428 807 489 852 une
510 789 616 854 littere
638 807 657 854 u
678 790 762 854 rectu
784 787 880 852 futuri
902 788 1004 854 formu
1026 787 1183 866 distentis
1204 789 1323 872 relique

191 949 195 956 .
259 895 370 975 preter
394 911 489 957 unum
514 893 576 958 ulie
607 913 727 978 quoque
748 894 787 958 de
815 911 907 960 cause
931 894 1033 959 dubie
1077 893 1236 977 Suspecta
1254 894 1318 988 illae

259 1001 313 1064 eut
343 999 456 1064 saltem
489 999 632 1084 exignum
667 999 837 1066 testimonii
865 999 986 1082 pondus
1018 1000 1182 1068 efferentes
1214 1001 1321 1066 coristi

257 1105 364 1170 formu
393 1104 537 1188 leguntur
564 1105 645 1186 opud
673 1104 884 1188 Thucydidem
906 1104 965 1181 Ν,
987 1105 1029 1166 14
1057 1100 1319 1190 (χειρώσασθαι),

258 1211 326 1285 VII,
349 1211 385 1271 11
411 1207 730 1294 (κατεργάσασθαι),
755 1209 837 1292 epud
858 1207 1090 1290 Xenophontem
1111 1210 1219 1295 Gyrcp.
1240 1213 1266 1290 Ι,
1289 1215 1318 1288 5,

258 1316 276 1376 9
299 1310 578 1401 (διαπράξασθαι,
602 1316 657 1382 sed
678 1315 774 1382 codex
797 1313 898 1380 Guelf.
920 1309 1212 1403 διαπράξασθαι),
1230 1319 1317 1382 anab.

257 1422 309 1496 VI,
333 1423 362 1498 5,
386 1423 424 1482 17
447 1422 648 1502 (δέξασθαι),
671 1421 751 1504 apud
768 1419 894 1504 Lysiam
912 1420 954 1498 ΙΙ,
978 1422 1015 1482 21
1040 1415 1317 1502 (δουλώσασθαι),

256 1527 337 1610 apud
357 1528 524 1592 Isocratem
553 1527 621 1593 cdv.
644 1528 779 1610 Euthyn.
805 1525 842 1586 15
871 1519 1109 1610 (πράξασθαι),
1136 1547 1191 1594 nec
1216 1530 1316 1594 multo

254 1634 373 1698 firmius
405 1632 486 1716 apud
517 1632 729 1717 Thucydidem
761 1632 820 1710 Ν,
853 1632 894 1693 80
931 1626 1155 1717 ἀποστρέψαι.
1223 1634 1317 1716 Apud

254 1738 617 1822 xenophoncomuyrop.
642 1739 683 1814 ΙΙ,
705 1738 735 1814 4,
759 1737 797 1799 11
826 1737 892 1812 (ubi
913 1739 1048 1820 proxime
1068 1739 1213 1821 procedit
1234 1740 1251 1822 ς
1276 1741 1316 1802 14

253 1841 374 1925 &turigo
397 1845 497 1929 φίλον
519 1837 626 1910 αὐτόν
647 1837 874 1930 γενήσεσθαι)
912 1842 1007 1908 codex
1028 1843 1199 1910 Altorfinus
1221 1845 1315 1910 habet

251 1953 332 2016 recte
354 1951 475 2030 ἐλπίζω
499 1950 650 2022 ἐκείνους
672 1951 790 2015 ἐλθεῖν
812 1942 856 2014 ἄν
877 1942 1032 2032 πρόςμέ.
1088 1951 1314 2034 Relinquuntur

249 2045 567 2124 firmamente'ceusae
591 2056 727 2138 primum
743 2053 886 2139 *Thucpd
909 2053 964 2132 IV,
990 2055 1095 2128 13,1:
1119 2043 1329 2137 crothopus*

251 2161 291 2230 τό
312 2159 397 2229 uero?
421 2157 483 2229 τὸν
504 2163 625 2247 λιμένα
648 2174 757 2248 τοῖχος
854 2159 942 2225 ἑλεῖν
961 2175 1141 2246 μηχαναῖς,
1163 2163 1215 2228 ubi
1235 2164 1312 2228 item

250 2267 385 2356 depost
406 2271 494 2336 έλοῑν
516 2267 642 2345 excidit,
671 2286 856 2352 prorsusque
884 2266 994 2332 similit
1019 2267 1051 2332 in
1066 2265 1314 2354 [Xenophontis]

248 2377 393 2462 Agesilao
413 2378 507 2455 loeus,
531 2376 562 2450 7,
585 2376 618 2438 6:
653 2371 800 2458 ἤλπιζον
822 2373 911 2438 ἑλεῖν
932 2365 974 2436 σοι’
997 2372 1100 2458 τείχη,
1122 2373 1231 2440 deiude
1253 2375 1313 2440 duo

247 2481 403 2564 Euripidis
434 2482 508 2559 loci,
545 2480 625 2547 alter
652 2481 744 2546 Herc.
777 2477 836 2542 fur.
876 2478 949 2542 745:
993 2474 1100 2544 πάλιν
1135 2482 1258 2562 ἔμολεν
1291 2475 1315 2545 ri*

248 2582 358 2672 πάρος
388 2584 516 2654 οὔποτε
547 2582 602 2653 dcci
631 2583 757 2672 φρενός
773 2581 955 2650 Ἢλπισσν
976 2591 1108 2648 παθεῖν
1130 2585 1194 2670 γῆς
1215 2583 1310 2663 ἅναξ,

247 2695 298 2758 ubi
319 2694 441 2758 tuntum
464 2693 570 2771 ebeet,
597 2695 633 2758 ut
661 2709 767 2757 versus
796 2690 877 2754 hunc
904 2687 1087 2772 scripturam
1107 2693 1248 2772 tueatur,
1275 2696 1312 2758 ut

245 2818 352 2866 versus
374 2813 465 2865 cause
480 2799 583 2864 dirius
600 2799 632 2864 et
649 2795 826 2862 Dindorfius
842 2789 888 2860 ἄν
906 2795 976 2877 post
991 2788 1114 2880 φρενός
1125 2797 1308 2873 addiderint,

245 2926 315 2972 cum
336 2906 533 2971 Hermennns
555 2894 745 2986 ἐπήλπιοεν
767 2902 955 2988 scripsisset,
991 2903 1028 2966 ut
1048 2901 1199 2986 syllabam
1220 2905 1308 2970 illem

246 3011 500 3096 consequeretur,
532 3008 611 3076 ulter
637 3009 669 3073 in
696 3005 857 3092 Iphigenia
887 3003 922 3074 Τ.
946 3005 1042 3070 1016:
1080 3005 1217 3075 ἅπαντα
1240 3005 1306 3094 γάρ

245 3119 397 3194 Ξανθοὶς
416 3108 490 3182 ταδ’
511 3120 560 3188 εἰς
581 3110 621 3182 ἓν
642 3106 765 3180 νόστον
787 3112 917 3193 ἐλπίζω.
931 3114 1060 3198 λαβεῖν,
1083 3115 1136 3198 qui
1157 3135 1207 3182 me
1229 3135 1305 3199 quo·

244 3246 303 3312 que
330 3223 450 3292 vexerit
481 3220 698 3305 (Bemerkung.
728 3239 757 3302 p.
780 3218 849 3297 43),
886 3217 983 3284 donee
1014 3219 1151 3288 intellexi
1184 3224 1306 3307 λαβεῖν

241 3335 324 3398 recte
345 3347 399 3413 pro
421 3327 575 3410 preterito
601 3325 735 3409 positum
764 3344 832 3392 esse
847 3326 908 3403 „(ut
928 3325 960 3390 in
982 3325 1054 3389 Ione
1074 3326 1151 3390 348:
1189 3322 1304 3412 θῆράς

243 3465 304 3524 σφα
319 3434 380 3504 τόν
393 3424 563 3517 δύστηνον
580 3433 708 3513 ἐλπίζει
725 3435 888 3509 κτανεῖν),
911 3433 943 3496 eu
956 3431 1014 3496 hoo
1027 3429 1168 3496 Orestem
1190 3431 1302 3506 dicere,

266 3708 293 3775 ¹)
309 3708 343 3763 111
360 3721 414 3764 uuo
431 3703 502 3758 libro
526 3705 622 3773 quarto
641 3701 804 3774 Thucydidis
829 3699 911 3755 octies
937 3677 1041 3766 ἐλπίζονΑ
1062 3671 1184 3756 futurum
1207 3698 1299 3762 hebet,

307 3811 330 3856 ρ,
347 3803 373 3866 8,
391 3803 417 3868 9,
434 3799 478 3862 43,
498 3799 540 3860 62,
560 3799 602 3860 71,
621 3798 663 3861 76,
682 3797 724 3859 85,
745 3795 812 3860 1053
831 3791 1077 3863 apud,11uripidem
1088 3790 1186 3846 saltem
1204 3792 1299 3853 sexies,

306 3895 369 3951 Heu·
384 3893 444 3957 820,
462 3889 565 3946 Electr.
577 3892 642 3954 219,
657 3887 761 3966 Hercul.
774 3889 832 3950 152,
853 3884 1018 3955 Snpp1845,
1035 3885 1094 3939 Iun.
1103 3885 1181 3947 1087,
1200 3883 1297 3942 Troed.

305 3988 369 4053 9953
395 3981 525 4042 nodotum
549 3997 610 4040 eum
634 3979 670 4036 ἄν
694 3979 777 4036 hebet
800 3977 873 4048 apud
890 3977 1011 4048 Thucyd.
1028 3975 1142 4060 11111,
1171 3977 1243 4032 eut.
1262 3977 1296 4032 de

228 4073 230 4078 ’
302 4071 358 4152 r'ep.
377 4079 402 4133 V
419 4093 447 4148 p.
463 4079 521 4134 453
539 4073 573 4142 D,
591 4071 715 4146 Xenoph.
733 4072 767 4128 de
783 4073 884 4142 rectig.
902 4073 928 4134 3,
943 4072 979 4126 ’11
998 4072 1028 4124 et
1042 4067 1111 4124 tlibi
1129 4070 1235 4138 sepius.
