3000 4668
620 257 680 311 Lib.
698 257 751 312 ΙΙΙ.
1113 255 1168 317 381

154 459 275 544 ῥᾳδίως
297 464 331 522 ἐκ
351 449 480 541 Ιταύτης
502 459 563 540 της
590 457 702 541 χρείας
730 458 797 520 τῶν
831 453 940 541 λόγων
961 451 1218 541 αντιλαμβανό-

155 589 261 650 μενος
287 559 386 649 ἡμῶν
422 568 471 636 εἰς
504 555 708 628 τούναντίον
735 559 940 647 ἀποστρέψει
982 557 1062 638 τούς
1099 555 1219 648 λόγους

157 699 185 736 κ.
208 699 237 736 τ.
262 673 290 736 λ.
319 671 449 754 'Neque
471 671 544 754 quid
576 670 604 733 h.
628 669 648 733 l.
672 669 835 754 simoneta
870 665 995 753 λόγων,
1029 668 1220 752 intellegitur

155 785 235 862 (ηοω
258 777 430 842 rectissime
451 775 564 840 dieitur
584 775 700 857 politio.
722 795 750 858 p.
771 775 832 836 272
854 775 882 840 D
901 775 942 838 de
964 794 1021 838 usu
1043 793 1219 838 sermonum

156 885 190 949 et
202 881 393 959 disserendi),
415 883 447 946 et
462 879 654 963 ineptissime
668 883 750 945 oerte
766 886 801 945 ἐκ
813 881 874 966 τῆς
887 880 999 966 χρείας
1021 881 1089 944 τών
1111 874 1221 968 λόγων

155 987 310 1072 sophistes
343 987 376 1051 in
405 1005 473 1058 eos,
512 985 564 1068 qui
595 985 685 1050 illum
712 988 870 1054 seotuntur
904 991 935 1050 et
965 987 1220 1069 comprehendere

155 1095 291 1170 student,
314 1094 464 1175 impetum
494 1093 593 1156 inoere
615 1091 735 1156 dieitur.
780 1093 821 1157 Et
851 1095 918 1155 noio
949 1085 1056 1177 λόγων
1086 1092 1221 1175 quidem,

156 1201 354 1284 quodetiam
378 1199 416 1263 oh
438 1198 571 1280 proxime
594 1215 724 1279 sequens
756 1191 962 1280 ἀποστρέψει
992 1193 1072 1270 τούς
1099 1193 1221 1282 λόγους

156 1309 333 1389 suspectum
378 1304 427 1377 ht,
471 1319 595 1386 prorsus
638 1306 807 1386 coarguunt
848 1299 967 1369 oodioes
1008 1307 1070 1368 tres
1093 1305 1221 1386 'optimi

156 1411 283 1486 (Oxou,
315 1414 352 1486 A,
377 1409 437 1486 H),
465 1410 497 1471 in
533 1407 643 1489 quibus
670 1409 719 1472 est
751 1406 813 1474 τόν
843 1401 953 1496 λόγον.
1002 1411 1115 1475 Vident
1143 1429 1222 1473 nuno

156 1518 234 1582 mihi
260 1515 380 1599 aliquis,
405 1531 497 1597 quem
525 1513 608 1577 feoili
635 1516 803 1580 mutatione
834 1535 870 1580 ex
897 1516 946 1580 his
973 1513 1112 1600 vestigiis
1141 1517 1222 1578 veri-

155 1626 205 1688 tos
245 1623 390 1706 emerget.
439 1619 521 1684 Nem
562 1619 671 1702 hospes
706 1620 936 1705 elegentissime
976 1621 1127 1705 imagine,
1152 1623 1222 1685 ‘so-

157 1727 292 1814 phistem
315 1745 385 1791 oum
408 1728 550 1809 serpente
572 1723 670 1789 aliove
694 1725 793 1791 hestia
821 1729 910 1794 neria
943 1745 1134 1808 eomparens‚
1157 1727 1223 1792 heri

157 1853 248 1915 posse
271 1832 355 1910 dieit,
378 1834 413 1896 ut
434 1831 487 1896 ille
512 1849 547 1894 er
569 1830 706 1908 latibulo,
729 1851 788 1915 quo
811 1853 844 1899 se
865 1833 1042 1904 eondidenit
1067 1851 1100 1896 ee
1123 1832 1151 1895 ei
1175 1832 1223 1894 iu-

155 1939 303 2004 sidieotes
332 1939 364 2002 et
388 1955 496 2020 tepere
526 1955 595 2002 eum
619 1939 765 2003 conantes
789 1940 890 2005 subito
919 1941 1039 2024 impetu
1068 1939 1156 2021 petet
1193 1937 1225 2000 et

155 2045 326 2128 perturbet:
349 2043 469 2129 ῥᾳδίως
492 2048 527 2108 ἐκ
549 2035 677 2126 ταύτης
698 2045 759 2126 τῆς
781 2047 869 2129 peto}
879 2069 896 2116 ς
919 2046 991 2109 τοῦ
1015 2039 1137 2128 λόχου
1160 2037 1223 2108 α’ν-

156 2144 458 2234 τιλαμβανόμενος
480 2143 579 2233 ἡμῶν
601 2153 650 2221 εἰς
679 2144 883 2216 τούναντίον
911 2145 1120 2234 α’ττοοτρέψει
1143 2145 1224 2222 τούς

157 2252 287 2343 λόγους.
338 2256 420 2322 Usus
448 2257 496 2321 est
522 2256 800 2323 Pleto'Homerioo
822 2261 966 2324 voouhuio
1003 2255 1111 2343 (χειά),
1143 2258 1223 2340 quod

155 2365 226 2444 post
246 2377 317 2425 eum
339 2361 370 2424 in
392 2381 484 2446 prose
505 2361 641 2426 oratione
662 2361 847 2429 Plutarchus
870 2366 971 2448 posuit
1001 2365 1038 2428 de
1061 2365 1119 2427 def.
1143 2381 1223 2426 oreo.

156 2468 247 2532 e.15
275 2487 305 2550 p.
336 2467 397 2530 418
424 2468 453 2530 Α
485 2468 517 2531 et
550 2467 630 2548 quod
666 2467 796 2534 fortasse
835 2489 936 2536 sermo
968 2471 1070 2554 populi
1103 2487 1223 2551 semper

156 2573 259 2639 tennit
278 2573 309 2637 in
331 2591 364 2636 re
386 2571 467 2656 opud
489 2573 654 2654 scriptores
676 2590 746 2638 runo
768 2576 929 2658 appellato.
997 2603 1007 2612 ··

258 2679 324 2743 lhd.
332 2697 362 2760 p.
371 2677 467 2741 240ss
480 2678 525 2742 sie
536 2677 706 2742 orationem
717 2679 957 2746 distribuendam
971 2681 1224 2764 seribendumque

157 2787 249 2868 pllio:
283 2781 335 2854 Ξέ.
373 2777 448 2849 Οὐκ
482 2779 588 2853 ὄντας
622 2775 684 2847 οὖν
716 2779 759 2847 ὂν
791 2781 855 2867 ἄρα
890 2788 997 2870 λέγεις
1029 2782 1066 2851 uo
1103 2782 1223 2863 ἐοικός,

159 2891 255 2973 εἴπερ
276 2882 372 2954 ἀὐτό
394 2915 432 2975 γε
454 2885 504 2973 μη
536 2883 709 2973 α’ληθινόν
732 2895 828 2972 ἐρεῖς.
873 2884 973 2956 Ἀ).λί
995 2899 1076 2956 ἕστο
1090 2917 1129 2976 γε
1151 2888 1224 2975 μην

160 3021 241 3068 νιος.
291 2996 406 3062 Θεαίτ.
453 2989 526 3061 Οὐκ
550 2988 591 3058 ὃν
613 2989 752 3079 α’ληθώς
780 3021 835 3081 γα,
872 3004 965 3080 ἔφην.
1013 2997 1076 3073 (Sin
1103 2999 1222 3064 oodioes

157 3102 268 3186 optimi
288 3101 363 3180 Ox„
386 3106 423 3179 A,
452 3105 499 3177 Π,
527 3119 586 3166 non
616 3093 740 3166 οὐκοῦν
767 3119 823 3168 nec
850 3095 937 3189 φῄς)·
973 3103 1042 3174 1Εἶτ’.
1074 3100 1127 3170 Ori
1158 3101 1222 3190 γαρ

158 3199 232 3272 οὖν.
281 3209 397 3275 &eoin
423 3201 524 3291 ,Πλην
548 3201 579 3293 γ’
602 3203 700 3272 εἰκών
722 3206 830 3280 ὄντος.

259 3313 324 3380 Ibd.
346 3333 375 3396 p.
389 3313 447 3374 241
462 3313 590 3378 APloto
614 3313 689 3378 nihil
709 3315 833 3397 seripsit
855 3315 914 3380 nisi
936 3315 1014 3378 haee:
1038 3308 1059 3398 ἦ
1083 3315 1133 3385 τίς
1155 3341 1224 3398 μη-

157 3417 243 3506 χανη
266 3431 449 3506 συγχωρεῖν
470 3413 547 3481 τινα
570 3421 638 3482 τῶν
667 3409 705 3484 εὖ
738 3417 974 3504 φρονούντων,
1005 3417 1090 3486 ὅταν
1119 3445 1222 3503 προο-

159 3530 439 3612 διαηοολογημένα
472 3517 558 3612 effert*
583 3521 649 3607 repo
678 3520 808 3592 τούτων
839 3523 1118 3613 όγιόλογηθίνιας
1163 3527 1223 3592 Ille

157 3632 338 3719 ι’ἱφθεγντα
374 3635 427 3698 καὶ
462 3628 589 3716 ἄρρητα
626 3634 679 3696 καὶ
712 3630 817 3718 ἄλογα
849 3637 902 3700 καὶ
927 3627 1223 3717 donationemque

157 3740 326 3804 orationem
350 3742 382 3804 et
403 3738 588 3804 seutentiam
611 3739 734 3802 omnino
756 3743 896 3807 evertunt
918 3741 1106 3825 (significent
1130 3739 1221 3811 enim,

157 3865 228 3910 oum
265 3845 358 3910 simul
395 3844 569 3908 eonvenerit
604 3861 655 3916 ee,
690 3861 757 3925 quse
788 3851 878 3912 anteo
914 3847 1120 3919 convenerint,
1157 3863 1223 3908 esse

158 3949 338 4037 ἅφθεγατα
363 3951 417 4015 καὶ
440 3947 580 4033 ἄρρητα,
613 3966 672 4031 quo
694 3949 772 4016 nihil
795 3953 930 4037 ineptius
953 3956 984 4018 et
1005 3951 1134 4016 alienius
1156 3969 1224 4014 esee

158 4061 285 4141 poemen
306 4057 461 4138 adsonipte
484 4057 557 4118 shut
577 4055 609 4118 in
624 4055 770 4136 margine
788 4055 855 4132 (sed
878 4075 970 4138 prove
992 4059 1101 4132 forme)
1130 4075 1166 4120 ex
1193 4076 1221 4136 p.
