2944 4660
314 281 356 343 οι
709 353 710 359 Ν
755 279 816 336 ιιι.
832 281 855 336 ι.
935 265 937 272 ⁴

271 477 390 542 militer
411 475 537 554 cadant,
571 475 732 541 deficiente
760 477 855 542 etiam
881 477 914 542 in
936 479 1072 542 externa
1092 479 1180 560 perta
1201 475 1341 542 vocabuli

272 582 421 666 longioris
442 583 591 647 memoria
612 583 667 646 aut
686 582 783 646 enimi
804 582 981 660 intentione,
1006 601 1086 664 saepe
1108 601 1128 647 a
1147 582 1279 647 librariis
1300 582 1341 647 ad

274 689 509 771 grammaticam
534 687 693 752 sententiae
719 687 849 752 formam
878 707 937 752 non
966 687 1196 753 attendentibus
1218 691 1272 752 aut
1290 705 1342 752 re·

274 794 353 878 gulae
374 793 489 878 ignaris
515 793 754 894 confundantur,
783 793 820 858 ui
845 819 899 857 ται
932 796 965 859 et
987 801 1082 873 σθαι,
1110 819 1165 859 σαι
1189 795 1220 858 el
1242 800 1340 873 σθαι,

273 899 375 976 runt,
398 900 492 977 rint,
516 923 574 978 ως,
603 924 668 976 ote,
691 919 728 964 ne
754 923 826 964 σειν
850 903 882 965 et
904 925 977 977 σαι,
1007 908 1131 966 caudore
1155 902 1186 964 el
1209 908 1339 966 σασθαι

274 1003 304 1070 Ιι.
326 1005 347 1069 l.
369 1005 521 1089 stingum
530 1006 563 1082 ¹).

359 1111 502 1175 Alterum
535 1109 647 1175 erroris
678 1129 775 1193 genus
808 1111 940 1175 diximus
970 1129 1037 1176 esse
1062 1113 1094 1175 in
1130 1113 1230 1177 verbis
1258 1114 1342 1178 mele

275 1216 452 1300 separandis
479 1217 533 1280 aut
562 1210 784 1281 continuandis.
831 1215 913 1281 Nam
942 1235 1013 1281 cnm
1040 1217 1120 1300 apud
1147 1219 1278 1296 veteres,
1305 1222 1342 1285 ut

274 1327 306 1390 in
327 1323 550 1406 antiquissimis
572 1311 685 1386 nostris
707 1321 869 1399 codicibus,
885 1322 1030 1387 continua
1051 1323 1154 1388 omnia
1170 1324 1341 1389 scriberen-

275 1433 336 1508 tur,
359 1429 444 1493 nulla
464 1429 629 1492 verborum
651 1426 856 1504 distinctione,
879 1429 962 1506 tum,
991 1447 1062 1494 curn
1082 1429 1177 1494 verba
1198 1432 1342 1511 separate

275 1536 369 1602 scribi
391 1536 492 1615 eoepta
513 1535 595 1609 sunt,
623 1533 714 1596 facile
735 1535 790 1596 aut
812 1533 978 1615 exprimis
1001 1534 1119 1618 aliquot
1135 1535 1248 1600 litteris
1270 1555 1342 1619 spo-

275 1642 336 1708 cies
358 1639 497 1705 vocabuli
512 1639 627 1720 integri
643 1638 842 1702 obiiciebstur
856 1639 947 1721 idque
966 1639 1135 1721 separatim
1152 1641 1344 1705 scribebatur

275 1750 338 1823 ant,
361 1765 430 1810 cum
452 1763 514 1809 non
535 1744 745 1820 insisteretur,
768 1744 821 1810 ubi
842 1745 1019 1826 oportebat,
1048 1763 1084 1808 ex
1105 1745 1223 1810 duobus
1244 1747 1343 1829 pluri-

275 1854 369 1917 busve
396 1871 493 1915 unum
521 1850 712 1918 conflabatur
736 1851 930 1914 ivocabulum.
987 1850 1047 1915 Sed
1076 1870 1147 1915 cum
1177 1851 1211 1915 in
1242 1852 1343 1934 priore

276 1958 386 2024 erroris
408 1958 509 2040 specio
531 1955 777 2037 relinquerentur
800 1955 912 2020 litterae
934 1973 1026 2021 sensu
1048 1973 1156 2032 cessa,
1188 1957 1221 2022 in
1244 1958 1344 2022 altera

273 2064 430 2130 interdum
450 2063 574 2127 tantum
595 2079 666 2142 pars
688 2063 845 2144 sequentis
873 2062 1016 2127 vocabuli
1036 2063 1075 2126 ad
1096 2064 1181 2144 prius
1203 2063 1343 2127 trahere-

274 2171 334 2245 tur,
356 2169 392 2233 ut
412 2169 536 2251 reliquae
557 2167 669 2232 litterae
691 2168 798 2232 ecdem
820 2169 910 2233 modo
932 2169 1144 2251 superessent,
1171 2187 1266 2251 prope
1286 2186 1344 2232 ne-

275 2273 409 2340 cessario
431 2273 537 2338 statim
560 2273 785 2357 adiungebatur
807 2278 933 2340 conatus
955 2275 1065 2359 aliquis
1088 2273 1276 2358 corrigendi,
1306 2275 1345 2338 ut

273 2380 394 2444 litteras
427 2378 586 2456 addendo,
623 2379 828 2458 detrahendo,
860 2380 1008 2446 mamutio
1038 2381 1149 2446 saltem
1180 2381 1342 2445 verborum

248 2517 250 2526 ι
275 2485 453 2551 Graecorum
484 2485 724 2567 Latinorumque
757 2485 876 2565 lorma,
908 2488 966 2552 etsi
995 2505 1097 2570 neque
1129 2486 1225 2551 oratio
1256 2486 1341 2548 recte

275 2591 428 2656 cohaerens
450 2609 547 2674 neque
570 2591 739 2669 sententia,
766 2592 905 2657 oriretur.
951 2592 1001 2656 Ad
1022 2592 1242 2674 perficiendum
1264 2607 1341 2672 quo-

275 2715 333 2780 que
352 2695 447 2774 illud,
479 2697 561 2780 quod
580 2697 716 2779 primum
738 2691 843 2761 animo
870 2697 1026 2762 obiectum
1047 2698 1129 2776 erat,
1157 2697 1341 2762 vocabulum

272 2958 274 2967 ,
302 2880 324 2946 ¹)
345 2882 480 2936 Brutorum
513 2894 561 2950 pro
580 2880 735 2954 βιώσεσθαι
753 2879 924 2937 scribendum
946 2885 988 2938 est
1012 2881 1084 2952 apud
1106 2881 1282 2936 Plutarchum
1306 2879 1341 2936 de

344 2989 403 3028 sere
420 2973 669 3028 somniavimus
687 2977 726 3042 (p.
737 2977 772 3030 56
785 2974 828 3044 F),
847 2977 1045 3047 προστρίβεται
1059 2989 1106 3044 pro
1119 2977 1340 3047 προστρίβεσθαι

344 3063 377 3120 de
386 3064 466 3136 Pyth.
475 3069 570 3121 oruc.3
583 3070 624 3134 (p.
634 3067 686 3121 395
696 3065 748 3131 E),
758 3070 852 3122 eontra
865 3068 1072 3142 συμβιώσεσθαι
1082 3070 1111 3121 et
1121 3068 1340 3136 στρατεύσεσθαι
1376 3059 1380 3066 “

343 3174 392 3228 pro
402 3157 557 3211 indicativis
570 3155 693 3212 deStoic.
704 3175 816 3229 repugn.
828 3161 870 3224 20,
881 3163 898 3216 3
911 3166 949 3230 (p.
958 3160 1072 3231 10430).
1092 3159 1172 3230 Apud
1177 3159 1340 3214 Pausaniam

344 3253 381 3315 11,
395 3253 419 3313 1,
430 3253 447 3305 2
459 3264 507 3318 pro
518 3246 657 3302 ἀνοικίσαι
668 3249 754 3305 altero
766 3253 825 3306 loco
837 3251 1007 3307 scribendum
1019 3255 1061 3306 est
1075 3251 1241 3325 οἳοῳιίσθαι.
1268 3251 1339 3307 Nam

343 3343 367 3397 si
386 3341 503 3397 activum
521 3339 554 3394 de
573 3339 676 3395 Cesare
702 3343 850 3398 Pausanias
872 3346 1019 3413 posuisset,
1051 3362 1104 3400 non
1127 3345 1275 3400 addidisset
1293 3345 1338 3400 inl

342 3437 391 3503 τῆς
409 3431 497 3502 ἀρχῆς
514 3437 565 3502 τῆς
583 3431 679 3494 αὑτοῦ.
708 3435 896 3501 (scribendum
914 3436 1022 3504 oduei.)
1049 3438 1118 3493 Alie
1134 3438 1339 3494 terminationes

343 3527 531 3600 permutentur
547 3529 657 3596 propter
679 3527 818 3584 obscuram
843 3532 891 3584 ant
913 3549 966 3586 non
989 3531 1157 3588 intellectam
1175 3534 1279 3596 notam,
1307 3534 1340 3586 ut

343 3635 403 3674 cum
421 3618 585 3672 tacebunt
602 3635 651 3690 pro
668 3621 876 3676 tacebuntur
895 3622 1027 3677 scribitur.
1064 3624 1097 3678 In
1115 3623 1275 3694 quibusdam
1293 3640 1338 3678 co·

344 3711 455 3774 dicibns,
476 3712 507 3764 nt
524 3711 554 3765 in
574 3712 678 3767 Senecae
695 3713 850 3784 philosophi
868 3715 988 3784 antiquis
1007 3715 1118 3786 aliquot,
1137 3713 1272 3771 interdurn
1290 3731 1337 3770 vo·

343 3803 449 3866 cabula,
469 3801 615 3860 festinante
633 3805 761 3872 librario,
780 3810 898 3862 extrema
916 3811 993 3877 parto
1011 3811 1184 3872 truncantur,
1215 3811 1247 3862 nt
1265 3823 1337 3862 cons.

342 3891 377 3951 ad
393 3895 474 3950 ldaro
494 3899 525 3952 11
551 3899 617 3954 extr.
641 3897 712 3953 inA
736 3899 871 3966 (Fickerti
888 3899 961 3955 notis
979 3903 1054 3966 utor)
1074 3904 1116 3955 ert
1132 3899 1337 3970 paucissimo

342 3987 512 4044 circuitus
527 4003 653 4053 annor,
673 3989 702 4042 id
720 3995 775 4059 est,
794 3992 936 4057 uteditur,
955 3993 1244 4062 paucissimorum
1261 3993 1337 4048 circ.

341 4097 510 4137 annorum.
547 4081 619 4136 Eine
637 4082 781 4152 aliquoties
799 4086 926 4140 correctio
944 4087 1060 4155 petetur.
