2944 4660
410 1721 665 1802 Premnnr'tum
691 1723 727 1802 et
752 1720 938 1802 Adtende.
1025 1730 1030 1740 ’

623 1943 724 1957 m

234 2024 305 2138 De
334 2073 423 2138 huius
452 2075 552 2158 operis
575 2073 703 2138 consilio
734 2073 766 2136 et
795 2073 893 2136 forma
923 2071 1066 2154 quoniam
1088 2072 1119 2134 in
1140 2091 1212 2152 pro-

131 2183 222 2246 oemio
248 2179 332 2245 satis
356 2177 471 2244 dietum
494 2181 551 2255 est,
574 2181 697 2244 tantum
723 2177 868 2242 menendi
889 2177 947 2242 hee
968 2177 1034 2242 loeo
1057 2179 1137 2250 sunt,
1160 2177 1212 2260 qni

8 2259 10 2310 ’ἵ
132 2287 294 2360 evolvent,
319 2293 368 2360 (-
383 2285 575 2368 nequeenim
598 2285 759 2368 quisquam
785 2287 897 2368 praeter
918 2285 988 2348 libri
1009 2281 1101 2366 primi
1113 2283 1213 2364 eapite

8 2463 16 2488 Ι
133 2394 191 2458 duo
208 2395 268 2458 ant
290 2389 354 2456 tria
373 2392 552 2456 continuum
574 2387 712 2476 perleget
728 2399 780 2466 —)
801 2389 883 2476 typis
895 2390 927 2454 id
939 2389 1070 2454 describi
1082 2390 1214 2470 eoeptum

133 2520 208 2576 esse,
245 2498 388 2562 nondum
420 2499 488 2562 tota
517 2495 647 2562 materia
679 2497 723 2560 sie
756 2495 926 2578 composita
958 2497 989 2560 et
1011 2495 1144 2578 digesta,
1179 2497 1215 2558 ut

134 2605 300 2670 numerari
322 2607 433 2686 posset,
467 2603 550 2686 quod
569 2604 601 2668 in
623 2603 681 2666 hee
705 2601 857 2666 scribendi
873 2618 984 2683 genere
1007 2600 1213 2664 necessarium

134 2729 193 2774 non
217 2712 303 2785 erat,
327 2712 461 2775 extremo
490 2727 569 2774 anno
602 2709 681 2771 1868
717 2707 838 2782 deinde,
862 2709 980 2787 septem
1004 2706 1136 2789 plagulis
1157 2707 1213 2770 ab·

8 2897 9 2904 ¹
137 2819 258 2889 solutis,
298 2815 329 2878 in
365 2816 473 2898 quibus
507 2817 533 2878 si
568 2835 634 2898 quae
663 2817 835 2897 temporum
865 2812 1037 2876 natationes
1066 2815 1146 2885 sunt,
1174 2813 1214 2876 ad

136 2919 227 2987 illum
253 2941 370 2986 annum
392 2921 574 2988 reseruntur,
595 2921 800 2985 intervenisse
834 2937 860 2982 a.
887 2917 965 2980 1869
988 2917 1049 2980 iter
1070 2917 1212 2980 Italicum

138 3031 169 3092 et
180 3027 402 3103 Helvetieum3
425 3046 494 3091 eum
516 3027 612 3091 redux
632 3027 729 3092 telam
748 3027 903 3109 inceptam
926 3025 1081 3106 pertexere
1104 3041 1214 3106 aggre-

141 3133 240 3210 derer,
265 3135 350 3198 brevi
365 3133 552 3216 apparuisse,
574 3133 694 3198 tantam
720 3151 788 3196 esse
815 3130 988 3206 materiam,
1009 3131 1044 3190 nt
1065 3130 1095 3192 in
1118 3148 1213 3192 unum

141 3237 285 3303 volumen
319 3240 386 3321 eogi
418 3259 478 3304 nen
500 3241 618 3320 posset.
662 3239 771 3321 Itaque
806 3238 863 3300 hac
890 3237 977 3318 parte
1011 3235 1213 3312 eontinentur,

140 3347 257 3428 praeter
278 3344 391 3408 librum
412 3345 546 3426 primum
569 3343 608 3408 ed
630 3345 775 3427 utrasque
805 3343 927 3406 litteras
949 3341 1090 3422 antiquas
1112 3360 1215 3424 aequa-

139 3451 213 3514 liter
236 3451 452 3532 pertinentem,
476 3469 521 3527 ea,
547 3469 614 3532 quae
637 3450 669 3512 in
693 3449 874 3514 Graecorum
895 3447 1082 3530 scriptorum
1104 3467 1214 3512 menu-

141 3556 261 3622 mentis
282 3555 463 3631 emendavi3
487 3573 553 3638 qnae
575 3555 614 3620 arl
636 3553 763 3622 Latinos
799 3555 929 3618 eolieeta
951 3553 1058 3627 habeo,
1081 3552 1214 3616 alterum

143 3663 289 3726 volumen
332 3661 511 3744 explebunt,
552 3661 579 3726 si
606 3663 701 3726 animi
731 3662 880 3744 patientia
907 3657 1108 3741 ¹perdurabit;
1143 3676 1215 3725 sane

145 3770 228 3832 enim
251 3787 445 3850 speraveram
479 3767 607 3832 celerius
640 3785 693 3832 me
726 3786 761 3830 ex
793 3768 841 3832 his
874 3765 1014 3830 minutiis
1043 3781 1213 3828 evasurum.

146 3875 269 3940 Indices
291 3873 363 3940 huic
385 3873 534 3938 uolumini
562 3893 632 3940 suos
646 3959 649 3966 ⁴
662 3873 794 3940 adiunxi.
839 3873 926 3954 Quod
948 3869 1148 3956 praevideram
1171 3874 1215 3952 (p.

147 3980 177 4054 5,
201 3981 233 4056 6)
254 3981 331 4054 fere,
364 3982 406 4055 ut,
436 3979 575 4064 quamvis
597 3980 769 4062 permulta,
795 3981 827 4043 in
850 3999 917 4061 quae
940 3979 1005 4062 ipse
1029 3975 1215 4054 inuidissem,

148 4086 362 4165 sustulissem,
390 4087 470 4169 quod
500 4089 591 4152 antea
625 4087 663 4150 ab
683 4087 752 4153 aliis
773 4084 900 4148 inventa
922 4085 1035 4159 essent,
1057 4084 1162 4146 tamen
1184 4079 1215 4144 in
