2944 4660
638 267 698 321 nin.
717 267 738 319 1.
824 302 830 314 ι
1092 232 1096 241 ’
1141 265 1178 328 51

158 463 189 524 ct
208 461 356 526 terminos
378 463 500 546 migrat.
541 460 607 526 Sed
628 461 659 524 in
684 460 833 532 eiusmodi
862 462 935 526 locis
964 477 1024 531 non
1054 479 1122 526 mro
1144 461 1223 528 falsa

157 566 320 630 sententiae
341 568 459 649 species
481 567 603 640 obiecta
624 565 759 632 scribam
781 565 916 650 decepit,
945 569 980 632 nt
1005 569 1066 632 inm
1089 549 1222 650 interpo-

155 671 233 734 latio
255 673 321 736 haec
342 673 392 737 sit.
429 673 523 738 Velut
537 671 619 754 opnd
634 671 834 736 Plutarchum
849 671 881 736 in
903 673 969 740 rita
982 672 1113 756 Lycurgi
1131 691 1156 741 c.
1172 673 1222 748 28,

155 776 208 839 nbi
230 777 297 860 agit
322 777 359 842 de
373 779 493 842 Helotis
514 779 644 843 fortibus
666 795 685 842 c
707 775 865 858 Spartanis
888 775 955 842 dolo
976 777 1121 862 sublatis,
1143 779 1222 862 quod

157 881 277 947 editur:
310 879 355 956 oio
375 877 463 968 μήτε
492 885 698 968 παραχρῆμα
731 877 819 966 μήτε
850 879 993 964 ὕστερον
1025 889 1112 968 ἔχειν
1146 878 1222 948 occo?

158 991 286 1074 λέγειν,
320 987 385 1077 ὅσῳ
414 985 527 1076 τρόπῳ
552 981 798 1072 διεφθάρησαν.
820 982 1078 1072 «Ἀριστοτέλης
1100 989 1133 1054 dd
1156 983 1223 1072 μά-

154 1087 256 1180 λιστά
280 1120 367 1181 φησι.
385 1100 439 1162 καὶ
463 1093 544 1168 τούς
567 1093 724 1178 ἐφόρους,
757 1090 847 1160 ὅταν,
865 1099 914 1168 εἰς
944 1088 1007 1177 νην
1029 1089 1136 1180 α’ρχην
1166 1119 1224 1158 κσ-

156 1201 304 1265 ιασσιῦσι
347 1191 525 1285 πρῶτον,Ν
545 1214 618 1273 τοῖς
646 1203 758 1266 εἵλωσι
788 1202 1028 1287 καταγγέλλειν
1058 1193 1222 1284 πόλεμον,

156 1303 254 1380 ὅπως
276 1301 396 1394 εὐαγὲς
417 1299 440 1396 ᾖ
462 1303 500 1372 vd
521 1301 666 1384 σ’νελσῖν,4
688 1326 811 1390 prorsus
833 1307 936 1389 inepte
957 1307 1150 1384 Aristoteles,
1172 1307 1225 1389 qni

157 1413 243 1489 novi,
267 1415 349 1497 qnod
374 1411 739 1495 srrperieribusadditur‚
761 1414 867 1478 auctor
887 1413 1046 1488 landatur,
1067 1413 1224 1476 maxime

156 1519 215 1583 hoc
241 1520 362 1584 tradere
399 1518 519 1582 dicitur.
574 1517 703 1582 Fuerat:
742 1513 808 1603 ὅτῳ
841 1511 956 1602 τρόπῳ
986 1511 1225 1600 διεφθάρησαν

156 1619 319 1708 μάλιστα.
384 1618 624 1706 Ἀριστοτέλης
654 1625 689 1689 δέ
721 1649 800 1708 φησι
832 1649 862 1688 ιι.
894 1651 924 1686 o.
955 1625 983 1686 λ.
1037 1622 1223 1688 Notissimue

157 1731 296 1795 adverbii
313 1749 387 1794 usus
402 1729 662 1814 ininterrogando
682 1747 751 1794 cum
767 1729 955 1794 dubitatione
976 1727 1099 1794 librario
1109 1785 1110 1792 ,
1120 1729 1225 1794 temen

156 1838 281 1920 ignotus
303 1836 398 1901 fnisse
420 1836 549 1900 videtur.
593 1834 698 1900 Cioem
724 1835 756 1898 in
788 1834 923 1900 oratione
952 1829 989 1896 de
1017 1833 1106 1898 domo
1128 1834 1165 1906 71
1189 1833 1224 1897 P.

156 1942 325 2006 Lentulum
347 1941 465 2018 laudat,
488 1941 567 2024 quod
589 1941 655 2004 tam
677 1939 843 2007 honorifice
859 1940 897 2004 de
915 1958 970 2004 sno
992 1937 1093 2004 reditu
1104 1939 1224 2002 tulerit:

156 2047 324 2112 voluisti
354 2097 360 2110 .
386 2097 392 2110 .
416 2096 423 2110 .
447 2046 581 2110 meite
604 2064 688 2110 esse
717 2045 754 2110 in
781 2045 1007 2128 republica,
1027 2044 1161 2128 -megis
1185 2045 1227 2106 nt

157 2152 375 2216 arcessitus
404 2152 568 2233 imperio
595 2152 728 2233 populi
748 2151 907 2216 Romani
936 2145 1087 2214 viderer
1117 2168 1226 2230 qnam

157 2259 201 2322 ad
225 2255 575 2322 administrandam
597 2256 798 2322 civitatem
820 2256 1044 2322 restitutus.
1088 2254 1226 2336 Apparet

155 2366 187 2427 in
209 2364 268 2427 hac
291 2364 517 2448 comparatione
538 2363 578 2426 ad
597 2361 841 2438 restitutionem,
867 2381 928 2444 qna
948 2359 1026 2426 nihil
1048 2360 1225 2426 continebo·

157 2472 216 2544 tnr,
228 2467 301 2531 nisi
321 2468 357 2530 nt
378 2466 516 2540 Ciceroni
534 2466 643 2531 liceret
662 2468 693 2530 in
715 2467 815 2548 patria
837 2485 904 2532 csse
926 2468 957 2530 et
978 2485 1039 2547 qua
1060 2465 1125 2530 solo
1145 2465 1225 2528 Len·

126 2572 131 2580 ’
157 2574 240 2640 tulus
262 2591 322 2636 non
345 2572 508 2638 contentus
529 2573 623 2637 fnisse
644 2571 774 2652 dioitun
806 2573 886 2638 nihil
906 2571 1058 2654 pertinere
1079 2567 1156 2634 illud
1177 2568 1225 2632 ad

157 2677 376 2743 administr.
403 2677 510 2742 civit.
533 2679 574 2740 et·
584 2678 776 2742 incommode
791 2678 863 2743 eddi
878 2674 1109 2760 quasiaugendi
1123 2690 1223 2749 cansa,

157 2787 265 2849 contra
287 2770 549 2848 rad-honorificum
572 2783 782 2866 illndpopuli·
800 2782 980 2864 imperinm,
1014 2779 1169 2844 Ciceronis
1191 2798 1224 2843 se

155 2890 321 2972 prudentio
353 2891 385 2953 et
416 2889 530 2952 vitute
563 2905 665 2952 carere
697 2907 756 2952 non
788 2906 878 2970 posse
909 2885 1095 2960 iudicantis,
1132 2901 1228 2965 quem,

156 2996 291 3084 maxime
323 2994 492 3075 pertinere,
519 2993 772 3075 scribendumque
800 3011 868 3058 esse
896 2990 1048 3072 particulo
1071 2989 1109 3078 ¹in
1136 3007 1224 3054 suam

158 3102 265 3166 sedem
287 3100 439 3164 retracto:
469 3097 681 3164 arcessitus
702 3097 865 3180 imperio
887 3117 917 3180 p.
941 3095 978 3160 R.
999 3095 1152 3166 viderer
1179 3095 1224 3158 od

157 3204 505 3270 administrandam
528 3202 739 3266 civitatem
754 3221 864 3284 quem
880 3181 1224 3280 resti·tutus.“Apud

158 3309 307 3375 Senecam
330 3311 418 3392 epist.
443 3308 492 3386 15,
517 3309 629 3390 tilde
651 3329 687 3372 ea
708 3309 839 3385 fortuna,
863 3305 1025 3390 quaexdata
1047 3305 1103 3381 su,
1137 3307 1223 3388 grato

158 3417 259 3480 animo
282 3409 465 3497 accipienda
481 3433 537 3478 neo
558 3432 679 3496 semper
700 3413 864 3484 maioribus
886 3411 1038 3494 petendis)
1071 3411 1115 3476 sio
1148 3409 1223 3474 scri-

114 3521 122 3528 '
157 3521 258 3586 bituri
278 3520 428 3584 'Finem
456 3518 668 3594 constitue,
703 3537 810 3601 quem
837 3517 1005 3581 transire
1027 3515 1222 3596 ne‘powssis

160 3626 331 3706 quidem,
366 3623 527 3688 sinclis.
577 3624 724 3687 Debehnt'
750 3642 835 3688 esse:
869 3641 913 3686 ne
944 3622 978 3686 si
1009 3619 1110 3696 velis
1143 3619 1222 3700 qni·
1258 3651 1260 3655 v

158 3729 261 3807 dem,
300 3729 437 3812 possis:
502 3728 562 3793 Sed
597 3729 784 3826 potestatem
819 3729 914 3792 finem
950 3724 1126 3794 transeundi
1143 3749 1146 3766 ³
1163 3725 1223 3805 ipsi

163 3835 347 3898 constituere
368 3851 428 3896 non
449 3831 611 3914 possumus
626 3882 642 3910 ,.
666 3833 855 3899 voluntatem
875 3835 908 3898 in
935 3833 1016 3898 certo
1038 3830 1098 3894 fine
1123 3828 1222 3894 consi-

157 3939 282 4016 stendi,
319 3939 459 4021 quamvis
490 3939 572 4032 ultra
600 3939 745 4022 progredi
772 3940 900 4004 fortusse
931 3937 1043 4013 liceat,
1076 3935 1221 4016 proestare

162 4044 301 4108 nostmm
324 4045 380 4108 est.
428 4041 555 4126 So‘ripsit
575 4043 670 4128 igitur
691 4043 820 4108 Seneca:
846 4062 956 4128 quem
976 4041 1157 4117 transire,
1178 4056 1222 4102 ne

988 4147 1021 4198 4·
