3000 4668
309 295 370 362 358
735 295 796 354 Lib.
815 297 868 354 111.

265 493 351 562 iccio
374 491 613 587 θερατιοῦοοις.
657 495 807 562 Tollenda
836 497 969 564 arbitrer
988 491 1078 582 μήτι
1101 493 1278 584 ἄρχεσθαι,
1301 501 1338 564 ut

266 604 326 668 duo
347 603 429 669 inter
450 623 483 670 ee
505 603 614 670 cadem
640 603 739 668 iorma
769 606 1008 684 componantur,
1038 621 1166 686 quorum
1202 605 1336 670 alterum

265 709 298 773 id
319 709 421 793 ipsum
443 711 579 776 continet
599 709 639 775 od
660 710 742 773 huuc
762 709 865 773 locum
886 708 1095 789 apteeIatum,
1121 710 1202 792 quod
1223 710 1338 794 uliquis

265 831 385 878 memor
409 819 585 900 pervagata
612 814 834 880 coniunctionis
861 810 977 900 ἄρχειν
1005 816 1060 879 καὶ
1092 811 1257 902 ἄρχεσθαι
1280 818 1337 882 ad-

267 919 402 984 dendum
422 909 553 1002 putavit.
867 929 874 942 ⁸

366 1026 433 1091 Ibd.
467 1027 497 1104 5,
527 1030 548 1088 4
585 1030 617 1092 et
650 1028 679 1091 5.
728 1025 867 1108 Apparet
896 1017 932 1088 in
965 1019 1006 1089 ια’
1041 1026 1184 1092 τοιαῦτα
1219 1021 1335 1093 πάντα

268 1131 382 1195 σκοπῶ
404 1149 464 1224 nou
493 1132 643 1198 cohaerere
671 1132 838 1197 orationem
866 1149 936 1195 oum
966 1133 1181 1214 superioribus.
1230 1133 1340 1199 Resti-

265 1237 370 1300 tuctur
391 1238 612 1318 sententiarum
634 1257 734 1303 nerue
749 1253 813 1302 uua
829 1230 937 1306 addita
956 1237 1076 1302 littera:
1100 1233 1163 1324 tyci
1185 1232 1335 1324 γάρτοι,

267 1349 343 1426 ἔφη,
371 1337 535 1416 πολλάκις
557 1337 718 1409 οἷκούοιν
739 1335 954 1426 (producite
977 1344 1137 1426 τοῦμὲν,
1164 1339 1217 1408 ὅτι
1241 1389 1249 1406 .
1275 1381 1287 1408 c
1311 1391 1336 1419 .,

266 1450 328 1513 τοῦ
351 1447 384 1513 δὲ
406 1445 459 1514 ὅτι
483 1495 491 1514 .
516 1496 524 1513 .
550 1495 559 1516 .
583 1444 624 1514 ὃν
646 1446 728 1535 ᾤετο
751 1449 852 1530 φίλον
873 1445 971 1522 εἶναι,
994 1443 1037 1514 τοτ’
1056 1449 1198 1514 τοιαῦτα
1220 1444 1335 1516 πάντα

266 1554 394 1630 σκοπῶ,
425 1579 455 1619 ι.
486 1579 516 1619 τ.
540 1556 569 1622 λ.
611 1553 673 1619 Sed
699 1554 798 1619 reetat
826 1554 973 1618 mendum
999 1555 1098 1631 aliud3
1131 1559 1336 1639 nequeenim

266 1656 307 1724 w*
331 1660 471 1726 τοιαῦτα
495 1653 607 1726 πάντα
638 1660 793 1742 pertinere
823 1660 862 1723 ad
893 1677 945 1736 ea,
973 1679 1041 1746 quae
1070 1659 1240 1744 sequuntur
1264 1666 1337 1746 poet

267 1767 390 1840 σκοπῶ,
412 1769 549 1850 possunt,
578 1766 724 1850 quoniam
750 1784 811 1830 una
837 1765 975 1848 sequitur
997 1767 1029 1832 at
1059 1768 1172 1845 (verbis
1200 1769 1337 1852 quidem)

265 1873 365 1938 brevis
400 1873 535 1954 quaetio.
596 1871 717 1938 Excidit
750 1872 804 1935 καὶ
837 1871 909 1953 poet
941 1871 1028 1938 εἶναι
1061 1871 1339 1957 scribendumque:

266 1975 306 2044 ὂν
331 1975 413 2063 ᾤετο
442 1977 543 2060 φίλον
570 1976 670 2051 εἶναι,
701 1979 767 2042 καὶ
804 1972 846 2041 ud
878 1979 1021 2044 τοιαῦτα
1048 1972 1177 2054 πάντα,
1207 1981 1337 2057 σκοπῶ,

265 2079 314 2168 μή
348 2108 376 2148 κ.
399 2109 429 2148 τ.
453 2085 482 2148 λ.
525 2084 626 2148 Multa
647 2083 786 2148 eiusdem
807 2083 938 2178 generis,
961 2083 1048 2148 cuiue
1070 2087 1341 2171 exemplapoeuit.

266 2191 394 2256 audiens
418 2189 558 2270 Socrates
579 2190 618 2254 ad
640 2189 845 2273 quarendum
860 2184 1061 2254 excitabatur.
1123 2275 1126 2282 .

366 2295 434 2360 lod.
465 2297 499 2369 6,
529 2294 585 2358 25:
616 2299 647 2360 εἰ
675 2295 711 2360 δέ
736 2320 788 2367 τις
817 2301 854 2360 ἐν
882 2289 979 2360 πόλει
1007 2297 1179 2380 τιμᾶσθαι
1206 2290 1336 2383 βουλό-

265 2425 383 2485 μενος,
412 2447 419 2461 .
443 2449 451 2466 .
476 2447 495 2475 .,
528 2396 583 2466 dtu?
614 2402 647 2465 τί
674 2395 693 2466 o‘
725 2402 881 2473 τοιοῦτος
911 2393 1002 2487 ἄλλοι
1034 2395 1176 2487 τοιούτῳ
1205 2396 1267 2468 οὐκ
1289 2399 1337 2469 ἄν

266 2501 405 2573 δύναιτο
430 2503 662 2590 ονναρμόοαις
684 2505 827 2572 Graecum
842 2525 904 2571 non
926 2509 989 2572 eet:
1012 2512 1043 2572 εἰ
1058 2507 1093 2573 δὲ
1103 2531 1155 2580 τις
1177 2514 1221 2573 ἐνΚ
1236 2503 1336 2574 πόλει

265 2633 319 2698 pro
341 2633 387 2691 eo,
411 2612 490 2697 quod
512 2615 560 2676 eet
582 2617 613 2677 εἰ
635 2612 671 2678 δέ
693 2611 847 2684 τίςέστιν
860 2618 897 2676 ἐν
918 2605 1027 2678 πόλει.
1064 2613 1131 2679 Νοο
1151 2616 1257 2679 tamen
1277 2615 1339 2680 ad·

265 2720 400 2785 dendum
422 2717 501 2795 ἐστι’,
531 2719 585 2782 sed
607 2718 817 2784 scribendum:
840 2719 918 2802 Εἴη
946 2718 982 2783 δέ
1003 2743 1055 2793 τις
1079 2726 1116 2785 ἐν
1137 2713 1236 2786 πόλει
1259 2768 1267 2786 .
1291 2770 1299 2786 .
1324 2767 1336 2786 .

266 2828 441 2910 πειρᾶται·
470 2818 525 2890 ord
543 2824 575 2886 τί
598 2870 605 2884 .
628 2873 635 2887 .
659 2871 667 2886 .
691 2819 903 2909 συναρμόσαι
910 2851 922 2903 3
946 2823 1007 2901 (Sit
1027 2825 1153 2908 aliquis;
1180 2825 1334 2910 fingamus

265 2933 400 3015 aliquem
423 2934 514 3007 esee.)
748 3003 752 3012 ¹
1143 3005 1146 3012 ¹

363 3036 430 3101 Ibd.
454 3035 483 3106 9,
505 3035 523 3097 5
545 3034 583 3099 de
604 3054 663 3110 uno
686 3055 722 3100 er
743 3036 793 3113 iis,
816 3035 868 3118 qui
883 3034 1040 3108 Critonem
1055 3036 1332 3114 calumniabantur,

264 3141 437 3208 deteneudi
469 3140 585 3204 ceteros
614 3158 708 3204 causa
732 3143 854 3222 arrepto
882 3143 914 3206 et
939 3141 972 3205 iu
999 3141 1047 3206 ius
1073 3143 1179 3206 uocato
1208 3132 1258 3225 agi
1285 3159 1332 3216 ea,

263 3267 331 3332 quae
351 3229 530 3330 sequuntur,
551 3244 725 3310 ostendunt.
768 3245 969 3310 Soribcndum
994 3247 1104 3330 igitur:
1133 3249 1188 3312 καὶ
1220 3241 1333 3319 εὐθύς

262 3379 313 3438 τῳ
336 3354 417 3418 τοῖν
436 3353 528 3429 (τῶν
549 3367 611 3438 τῳ)
634 3347 940 3437 συκοφαντούντων
961 3345 1023 3415 τὸν
1037 3353 1197 3435 Κρίτωνα
1222 3358 1334 3418 ἐνευ-

263 3463 401 3544 ριόιι·ει
439 3453 549 3525 πολλοὶ
582 3465 647 3544 μὲν
683 3455 895 3542 ἀδικήματα,
932 3451 1081 3529 πολλοὺς
1110 3453 1140 3521 δ’
1170 3451 1330 3546 ἐχθρούς.

263 3565 374 3649 (Vulgo
405 3565 492 3632 deest
513 3592 558 3652 τῳ
581 3568 613 3630 et
642 3565 786 3631 scribitur
816 3556 1033 3645 ἅνευρίσιει.)
1069 3565 1089 3644 ξ
1111 3563 1269 3640 tuerent,
1294 3563 1332 3625 ut

261 3671 472 3738 Archedemus
494 3666 677 3738 facillimum
700 3669 811 3736 dixerit
832 3688 900 3735 esse
921 3687 941 3732 a
961 3667 1157 3752 sycophantia
1179 3667 1331 3752 accipere,

261 3796 319 3841 nec
349 3779 405 3844 hoc
431 3778 546 3861 optime
568 3777 708 3861 congruit
733 3795 803 3841 cum
833 3769 1061 3860 φιλόχρηστοι.
1106 3774 1234 3840 Fuitne:
1272 3773 1329 3836 nai

263 3889 326 3966 ἔφη
349 3877 635 3966 ἕραοτόναῖναι
670 3876 742 3948 α’τιό
776 3880 846 3946 τῶν
867 3881 1092 3962 συκοφαντῶν
1114 3872 1336 3964 λαμβάνεινῗ

261 3986 322 4051 Sed
343 4007 406 4052 non·
425 3987 550 4052 confido.
1207 3983 1209 3994 '

361 4093 429 4157 Lib.
466 4093 529 4169 ΙΙΙ,
564 4093 598 4168 5,
631 4092 651 4153 3
679 4091 850 4157 tollendum
885 4093 921 4156 τέ
954 4094 1038 4174 post¹
1063 4092 1331 4175 necopinantem,
