3014 4666
590 351 592 362 ,
644 291 704 347 are.
722 291 759 347 11.
1122 295 1184 360 213

264 490 350 556 Nulli
370 490 514 575 profecto,
541 490 594 574 qui
620 489 658 554 de
685 490 787 574 (uuipi
818 493 939 558 filiabus
967 493 1113 562 ducendis
1147 495 1225 562 deli·

165 596 325 661 beratums
347 597 422 674 erat,
437 597 476 660 in
496 597 633 662 mentem
652 597 755 660 venue
776 599 897 679 poterat
917 618 1060 682 quarere,
1082 604 1224 668 essentne

164 721 209 766 eae
230 701 333 784 OEolipi
353 703 529 785 parentibus
550 699 694 785 perniciei
714 700 834 780 futura,
855 721 912 768 nec
932 705 1047 787 ipsaene
1062 706 1145 796 sibi,
1170 707 1224 773 sed

164 805 224 871 sibi
247 807 402 887 (ductim)
433 806 555 890 suisque
579 825 617 870 ne
640 807 943 888 pemicicmlerrcnt,
965 811 1086 892 poterat
1099 813 1223 883 timere:

164 911 196 976 et
216 910 255 976 de
288 911 351 986 illo,
380 911 428 977 cui
460 931 512 977 eas
539 911 649 976 ducere
675 912 708 976 in
741 916 878 978 mentem
903 915 1035 981 fortasse
1062 919 1224 982 ventumm

163 1017 215 1093 sit,
239 1015 365 1098 eiusque
386 1017 505 1082 familia
525 1019 591 1082 haeo
613 1018 673 1082 dici
694 1019 744 1083 vel
764 1019 862 1083 solum
876 1019 1014 1084 futurum
1030 1027 1120 1088 ἐσται
1135 1041 1224 1088 mon-

162 1123 252 1187 strat.
291 1121 461 1203 scripserat
477 1123 658 1216 Sophocles:
686 1119 710 1189 t
731 1137 802 1197 τοῖς
823 1107 907 1197 ἑοῖς
925 1127 930 1203 Ι
948 1128 1106 1211 γονεῦσιν
1131 1135 1223 1197 ὲόπαι

165 1227 262 1313 opio
282 1220 321 1291 θ’
343 1221 433 1309 optor]
460 1220 650 1310 δηλήματα,
682 1230 765 1294 suis
792 1232 1025 1313 parentibus
1058 1233 1223 1316 sibique3

162 1353 236 1398 nam
252 1333 333 1418 οφίν
349 1351 404 1416 pro
425 1327 461 1395 οἶ
483 1333 595 1414 posuit,
616 1336 652 1400 ut
672 1335 1224 1422 ipsoffld.col.1490ctruschyhrs

163 1437 382 1522 Pindarusque.
428 1437 614 1514 (Dindorfius
629 1459 683 1522 pro
699 1447 792 1525 ἐγιοῑι
808 1441 938 1506 coniecit
959 1435 1074 1522 πολλοι,
1097 1445 1149 1526 qui
1163 1445 1225 1510 sint

164 1550 195 1610 οἱ
222 1538 328 1609 πάλαι
358 1557 484 1630 γονεῖς,
517 1543 567 1608 vix
604 1545 811 1611 declaraturus
844 1549 928 1629 apte;
961 1547 1119 1614 Neuckius
1152 1563 1224 1623 τοῖς

163 1655 259 1735 ἐμοῖς
284 1652 443 1736 γονεῦσιν
465 1652 687 1732 corruptaesse
709 1651 829 1730 scribit;
852 1654 945 1739 οφῴν
963 1655 1075 1720 neuter
1094 1657 1222 1740 attigit.)

263 1757 329 1820 l-bd.
354 1757 435 1819 1524
456 1775 538 1838 sqq.:

200 1853 409 1944 Ὣπάτρας
433 1856 555 1946 Θήβης
576 1865 712 1937 ἔνοικοι,
735 1856 892 1946 λεύσσετ’,
917 1866 1086 1938 Οἰδίπους
1108 1863 1177 1940 ὅδε,

204 1962 241 2040 ὃς
261 1963 303 2032 ου’
325 1961 427 2032 κλείν’
450 1960 622 2053 αἰνίγματ’
644 1963 716 2053 ᾔδει
741 1969 795 2034 καὶ
818 1964 992 2053 κράτιστος
1014 1962 1058 2056 ἦν
1080 1966 1181 2056 α’νήρ,

203 2069 296 2146 ὅστις
318 2067 360 2142 οὐ
380 2067 468 2157 ζήλῳ
493 2073 644 2138 πολιτῶν
665 2073 720 2138 καλ
742 2066 858 2160 τύχαις
884 2079 1088 2160 ἐπιβλέπων,

204 2184 253 2252 εἰς
274 2176 357 2246 ὅσον
380 2175 532 2246 κλύδωνα
555 2178 670 2262 δεινῆς
692 2180 869 2264 συμφορᾶς
891 2175 1071 2266 ἐλήλυθεν.

263 2287 299 2350 In
321 2307 349 2352 v.
374 2286 463 2361 1526,
486 2303 576 2368 quem
597 2285 693 2350 talem
714 2286 810 2367 posui,
833 2287 931 2369 qualis
952 2287 985 2352 in
1006 2289 1071 2353 cod.
1084 2287 1222 2356 Medioeo

159 2391 296 2472 scriptus
325 2393 383 2467 est,
413 2409 480 2472 quae
515 2390 668 2455 sententia
696 2391 812 2469 subsit,
844 2391 971 2458 dubium
1009 2413 1076 2460 esse
1107 2395 1223 2477 nequit,

159 2496 357 2561 insidendam
385 2495 484 2588 visam
511 2513 578 2560 esse
604 2495 721 2564 civibus
754 2497 896 2562 omnibus
924 2498 1027 2582 (udipi
1052 2500 1222 2586 fortemam3

157 2601 218 2666 secl
239 2602 393 2684 queritur,
416 2621 483 2684 quae
498 2601 563 2665 cius
578 2600 739 2666 sententie
760 2601 853 2666 fuerit
866 2601 974 2668 forma.
1016 2605 1062 2668 lla
1076 2603 1222 2668 facillime

159 2707 264 2792 prodit
285 2727 302 2771 e
326 2708 438 2772 codicis
460 2707 607 2791 vestigiis,
630 2725 697 2789 quae
717 2705 893 2784 ostendunt,
915 2710 1051 2773 omnium
1076 2708 1223 2774 iudicium

158 2799 374 2895 interrogando
402 2813 465 2885 (οἱς
493 2807 546 2891 οὐ)
577 2829 753 2893 expressum
780 2811 874 2876 fuisse
901 2814 933 2878 et
958 2814 1086 2879 relativo
1113 2832 1224 2895 prono-

159 2918 247 2982 mine
279 2935 430 2982 annerum
467 2914 522 2996 (ὃν
556 2917 608 2989 τίς
639 2909 691 2994 οὐ,
727 2935 763 2981 er
797 2935 856 3000 quo
889 2906 996 2984 natum
1036 2915 1128 2992 ὅστις
1161 2912 1222 2993 οὐ).

156 3021 294 3104 Scripsit
314 3021 408 3104 igitur
437 3022 616 3106 Sophocles:
649 3016 697 3086 ὂν
729 3021 789 3093 τίς
825 3015 872 3088 οὐ
905 3017 1039 3108 ’ζήλου
1074 3025 1223 3090 πολιτῶν

158 3145 254 3207 ταῖς
274 3113 391 3217 νιλχαις
413 3129 624 3213 ἐπιβλέπανγ
655 3127 708 3191 cfr.
732 3127 802 3193 (Ed.
825 3127 891 3194 Col.
919 3130 1015 3194 1133:
1038 3123 1173 3216 οἷνέρός,
1198 3119 1223 3216 ᾦ

158 3240 215 3312 τίς
237 3233 300 3317 ον’νι
322 3246 372 3302 ἐνι
396 3236 490 3318 κηλὶς
512 3233 623 3298 κακῶν
644 3225 847 3311 §tactuum-²)

142 3456 145 3462 ·
190 3433 215 3501 ²)
234 3433 419 3494 Certissimam
448 3434 516 3488 hano
552 3432 771 3488 emendationem-
801 3434 892 3489 videor
926 3435 994 3488 mihi
1027 3437 1091 3489 ante
1121 3435 1222 3490 multos

232 3543 316 3582 annos
342 3525 488 3596 prodidisse
510 3524 623 3588 alicubi,
652 3524 699 3578 sed
727 3525 785 3594 ipse
811 3519 899 3580 locum
916 3543 969 3581 non
992 3528 1104 3596 reperio.
1146 3526 1220 3580 Nau-

232 3617 309 3672 clius
328 3618 437 3672 eandem
461 3617 622 3671 sententiam
647 3618 736 3672 effecit
758 3617 855 3671 maiore
880 3620 1029 3672 mutatione
1053 3618 1221 3689 (ἐπέβλεπεν)

233 3712 261 3762 et
287 3709 417 3778 impedito
445 3710 584 3764 verborum
612 3709 705 3763 ordine
732 3712 760 3764 ct
778 3712 913 3764 structura
939 3727 992 3764 non
1016 3713 1103 3776 recta3
1136 3725 1221 3778 neque

232 3802 303 3856 enim
314 3801 434 3856 Graccum
453 3803 493 3854 est
512 3801 581 3873 ζήλῳ
600 3801 756 3874 ἐπιβλέπειν
774 3803 828 3855 τινί
847 3817 894 3870 pro
915 3801 964 3857 οιίν
983 3801 1060 3874 ζήλῳ.
1101 3801 1218 3856 Diodor-

234 3891 285 3946 flus
308 3909 357 3962 pro
366 3889 451 3956 ιὅστις
471 3892 503 3946 οὐ
522 3892 630 3962 scripsit
647 3897 703 3957 πᾶς
726 3891 771 3956 ὅν,
792 3907 854 3946 sane
864 3893 1016 3948 litterarum
1035 3893 1150 3961 vestigia
1169 3909 1221 3948 non

233 3983 369 4038 serviliter
387 3999 500 4052 sequens
517 3987 576 4050 (neo
593 3985 680 4054 magis
699 3987 768 4041 1494
784 3985 813 4039 iu
832 3984 917 4040 πάλαι
935 4001 983 4054 pro
1006 3985 1081 4054 ἐμοῖς
1098 3987 1146 4039 aut
1164 3984 1220 4040 An-

233 4075 332 4144 tigone
351 4091 378 4128 v·
397 4077 415 4131 3
432 4075 461 4130 in
481 4073 606 4136 ἐλλεῖπον
623 4091 671 4144 pro
688 4071 812 4144 ὁποῖον);
831 4077 877 4131 scd
895 4079 966 4131 recte
986 4075 1091 4144 ἐζήλου.
