2944 4660
314 253 356 315 40
751 257 811 312 Lib.
830 260 852 314 1.

263 475 335 522 cum
356 455 538 523 animalium
557 455 733 540 segnitiem
754 456 938 522 coniuncta?
977 459 1086 542 Neque
1106 479 1143 524 ex
1163 461 1224 526 alie
1245 461 1331 526 fonte

260 563 327 626 orta
353 562 433 626 mira
459 560 617 644 penatium
641 561 765 626 *mentio
788 561 870 642 apud
891 561 1024 628 eundem
1046 563 1194 630 Senecam
1217 566 1254 644 de
1275 567 1330 632 vit.

260 668 356 740 beata
374 669 425 744 25,
440 669 475 730 4:
508 665 591 728 iura
605 683 723 752 reges
745 667 953 748 penatium
969 671 1122 749 petant3
1144 670 1211 753 ipse
1233 673 1330 755 scrip-

259 774 502 848 serattantum:
546 772 628 836 iura
649 789 761 853 reges
783 791 801 836 a
822 791 881 836 me
904 772 1065 854 petant.)

344 878 460 956 Quarto
481 896 593 960 genere
616 877 799 942 aberrabant
820 875 901 942 cauli
911 861 1013 946 minus
1029 881 1141 946 attenti
1159 883 1329 976 emittendo

260 986 358 1065 [entra
378 984 444 1060 illa,
466 1002 532 1065 quac
554 982 602 1046 bie
625 981 732 1046 eadem
754 969 808 1048 aut
819 1001 906 1064 paene
918 985 1026 1050 eadam
1042 987 1205 1053 scribenda
1216 992 1328 1067 erant).

257 1090 295 1153 In
316 1072 392 1171 ipsis
422 1087 533 1154 mediis
561 1085 663 1152 verbis
684 1087 796 1152 litterae
825 1089 857 1174 31
879 1075 1005 1174 syllaba
1027 1093 1250 1160 emittebantur
1274 1096 1328 1160 aut

261 1195 326 1259 sola
358 1193 555 1262 festinatione
585 1177 617 1256 31
650 1209 723 1256 casu
754 1195 809 1258 aut
839 1193 919 1260 elius
951 1197 1037 1261 verbi
1067 1217 1128 1264 nen
1166 1200 1326 1266 dissimilis

261 1302 364 1384 specie
388 1300 517 1375 obieeta,
547 1298 584 1360 ut
606 1298 755 1381 cognatus
777 1297 827 1362 hic
852 1317 933 1364 emer
954 1301 997 1367 sit
1019 1306 1225 1387 cumprime,
1247 1307 1326 1388 quod

257 1425 358 1490 supra
375 1406 549 1488 posuimus,
586 1419 706 1486 genere.
750 1401 820 1468 Sola
850 1404 1007 1472 festinatio
1037 1409 1173 1476 effecisse
1195 1411 1325 1491 ridetur,

258 1513 294 1576 ut
315 1511 397 1593 apud
419 1509 619 1576 Plutarchum
641 1509 673 1572 in
695 1507 759 1572 vita
781 1507 885 1574 Crassi
907 1531 932 1576 c.
956 1514 992 1574 11
1020 1514 1153 1582 Romani
1175 1537 1193 1582 a
1215 1516 1325 1598 Crasso

258 1616 298 1681 ad
333 1617 442 1680 collem
472 1615 607 1698 aliquem
636 1613 846 1696 occupandum
877 1617 968 1704 missi
992 1619 1024 1682 in
1050 1617 1220 1702 perieulum
1244 1621 1325 1686 inei·
1423 1691 1425 1696 ,

258 1721 338 1786 (11333
373 1721 513 1786 dicantur
545 1719 657 1784 indicio
682 1719 816 1792 ¹duarum
842 1720 1033 1788 ,seminarum
1070 1731 1324 1811 προθυομένων

258 1841 330 1898 τοῖς
353 1827 549 1909 πολεμίοις,
577 1843 646 1888 cum
669 1817 854 1890 Plutarchus
877 1828 1050 1910 scripsisset
1071 1837 1324 1917 προθυμουμέ-

260 1957 329 1998 νων
362 1943 444 2014 (quae
466 1931 607 1996 faverent
629 1932 660 1994 ct
681 1933 828 2012 cuperent
849 1933 1026 2012 hostibus);.
1054 1955 1128 2012 nam
1150 1933 1323 2021 προθύειν

255 2038 325 2102 τινί
363 2039 411 2102 331
444 2038 519 2100 ‘dee
562 2035 680 2100 alicui
712 2037 847 2118 primum
878 2058 967 2104 sacra
999 2040 1116 2118 faeere,
1151 2039 1323 2130 προθύειν

256 2130 508 2227 (rr-posteram)
523 2155 594 2212 cuir
609 2142 788 2225 cataplum
812 2144 898 2222 nihil,
921 2165 977 2210 nec
998 2147 1048 2210 hic
1064 2166 1220 2216 sacrorum
1231 2171 1321 2218 men·

253 2251 329 2316 tioni
351 2232 433 2316 ullus
454 2251 539 2314 locus
567 2251 630 2322 est;
687 2250 816 2331 utraque
838 2267 931 2316 causa
951 2252 1065 2330 valuit,
1092 2255 1127 2321 ut
1155 2257 1321 2322 menibus

252 2375 308 2440 pro
347 2355 562 2420 maioribus
599 2354 802 2431 scriberetur,
844 2356 923 2438 quod
957 2357 1104 2424 mendum
1134 2361 1321 2442 Bursianum

254 2461 375 2544 decepit
396 2460 477 2543 apud
499 2459 649 2526 Senecam
670 2460 761 2524 Rhet.
784 2481 814 2543 p.
839 2464 898 2523 110
922 2461 1013 2540 (93);
1038 2466 1246 2542 (amoribus
1265 2486 1321 2548 pre

253 2567 496 2633 amatoribus
519 2565 689 2632 cederPal.
707 2566 769 2630 lin
787 2565 882 2630 Cicer.
898 2565 936 2630 de
960 2567 1012 2632 fin.
1034 2569 1075 2646 Il,
1090 2571 1193 2656 1111;)
1215 2589 1321 2636 acces-

252 2673 295 2736 sit
315 2671 410 2737 tertia
422 2691 457 2736 er
469 2671 671 2736 similitudine
684 2671 872 2755 syllabarum
888 2671 1119 2751 vicinaremur
1133 2675 1215 2758 apud
1234 2675 1321 2742 Cice-

251 2795 355 2842 ronem
368 2777 469 2842 defin.
485 2778 524 2852 V,
539 2777 578 2840 55
597 2796 651 2860 pre
668 2776 842 2842 aetatulis
857 2776 1043 2842 scriberetur
1056 2779 1157 2860 ,etali
1168 2800 1192 2846 s.
1220 2782 1321 2846 Inter-

250 2883 325 2946 dum
347 2883 501 2965 ambigas,
523 2884 594 2946 utra
616 2901 652 2948 ex
673 2880 792 2946 duabus
813 2881 876 2946 illis
897 2881 981 2963 prior
1002 2882 1109 2962 fuerit,
1129 2885 1219 2952 ,velut
1239 2887 1320 2969 apud

250 2989 419 3054 lucianum
440 3007 541 3069 paras.
563 2987 614 3064 39,
636 2987 690 3076 ubi
712 2987 827 3052 editur:
860 2983 912 3052 ὅτι
938 2989 972 3054 dl
1001 2983 1085 3054 aare?
1109 2985 1220 3056 πολλοὶ
1247 2993 1320 3064 διο·

251 3096 344 3178 φέρει
366 3080 567 3178 φιλοσοφίας
590 3094 645 3158 καὶ
667 3093 846 3177 ῥητορικῆς
867 3089 890 3178 ἡ
913 3091 1132 3180 παρασιτική,
1155 3097 1228 3170 πῶς
1243 3103 1320 3162 ἐπι-

250 3195 429 3276 daramium
462 3199 516 3262 sed
539 3199 590 3264 ita.
603 3199 785 3284 interrogari
807 3199 891 3264 nullo
913 3199 1004 3264 medo
1025 3203 1143 3283 petest,
1174 3203 1319 3284 quoniam

249 3305 283 3370 in
304 3305 411 3370 multis
432 3305 496 3368 iam
517 3304 648 3386 negotiis
671 3305 703 3368 et
724 3305 795 3370 vitae
816 3305 956 3387 partibus
978 3324 1068 3370 suam
1089 3309 1188 3372 artem
1212 3308 1319 3374 alteris

249 3411 312 3476 illis
334 3413 479 3494 praestare
499 3410 653 3491 parasitus
676 3407 790 3487 docuit,
819 3428 900 3476 nuuc
922 3411 1034 3476 transit
1055 3411 1095 3475 ad
1117 3411 1183 3478 eius
1204 3414 1238 3476 in
1258 3431 1319 3478 uno

250 3516 351 3598 aliquo
373 3533 451 3582 novo
475 3531 587 3598 genere
608 3516 820 3595 praestantiam
842 3515 1132 3594 demonstrandam
1170 3519 1318 3600 seriptum

249 3615 501 3686 11111131τὸ3ιῶ
525 3613 610 3684 ιιοιτοὲ
634 3613 686 3682 τοὶ
710 3616 913 3685 πολιτικοὶ
940 3621 1089 3704 διαφέρει
1113 3625 1317 3707 φιλοσοφίας

250 3751 278 3790 κ.
301 3751 330 3789 ο.
354 3729 382 3790 l.
424 3725 493 3790 Hoc
516 3725 596 3788 enim
622 3724 764 3806 deinceps
786 3726 952 3807 exponitur,
976 3730 1007 3792 et
1027 3746 1103 3809 pace
1126 3731 1157 3793 et
1180 3729 1262 3794 belle
1284 3731 1316 3795 in

248 3829 423 3912 reipublicae
436 3829 703 3894 administratione
725 3829 914 3924 superiorem
937 3834 969 3896 et
993 3833 1172 3918 philosophe
1194 3836 1226 3900 et
1247 3855 1317 3900 era-

248 3937 313 3999 1333
335 3935 512 4032 1313311331
526 3953 602 3998 esse.
646 3929 762 4000 Seneca
783 3935 821 4000 de
843 3925 1069 4016 1133311134,
1093 3937 1109 4000 1
1133 3941 1315 4023 scripserat:
