3004 4676
315 273 375 338 526
741 275 801 330 Lib.
818 275 868 332 IV.

272 475 361 540 dum:
386 481 649 560 ἐξορθιιοαν.
672 471 780 552 (Puulo
793 473 867 536 ento
888 471 934 538 sie
954 471 1245 558 interpungendum:
1269 471 1339 547 δέξ-

273 577 380 646 ασθαι
403 576 547 664 μεταξιί,
570 581 624 647 καί
647 578 715 644 των
736 576 864 642 πεδίων
886 601 914 646 κ,
939 604 968 644 τ.
990 579 1035 656 λ.)

372 686 438 750 lod.
463 685 504 748 66
527 688 569 765 (4,
592 686 624 763 7)
646 681 857 750 seribendum:
892 689 925 750 οἰ
949 684 984 754 δὲ
1003 684 1133 768 λοιποὶ,
1153 685 1197 756 αἱ
1221 673 1338 746 ἐπιόν-

272 815 340 865 τος,
363 787 427 876 ὅση
448 783 494 875 ἧν
517 785 617 875 ἰκανή
640 781 841 874 όπαηρόυαι
865 783 930 874 τόν
951 793 1015 874 τῆς
1035 789 1238 872 οἰκουμένης
1260 787 1336 854 ἐπί-

272 922 384 972 νοιαν,
420 885 515 963 οὗτοί
548 899 635 962 εἰσιν
671 899 703 960 οἰ
736 919 764 959 ιι.
785 921 815 960 τ.
839 897 868 974 λ.
919 896 1049 981 (Vulgoz
1088 899 1120 962 οἱ
1150 893 1188 960 δὲ
1221 895 1336 960 λσιπσί

272 999 452 1082 ἐπιόντες.)

370 1110 437 1174 Ibd.
460 1110 499 1172 66
532 1111 574 1186 (4,
598 1107 649 1186 8):
686 1099 851 1190 όποτίρσυ
884 1102 925 1189 δή
961 1113 1054 1173 ἐστιν
1088 1099 1111 1190 ἦ
1145 1107 1337 1200 Αἴγυπτος,

271 1209 428 1300 δηλονότι
461 1208 484 1299 ἡ
518 1206 607 1280 κοίτω
644 1215 811 1301 λεγομένη
844 1214 904 1299 τῆς
925 1207 1110 1300 Αἰγύπτου
1142 1204 1242 1296 χιόρα.
1275 1211 1335 1278 Pro

272 1315 444 1406 δηλονότι,
484 1319 565 1404 qnod
596 1320 742 1404 ignavum
777 1321 841 1398 est,
884 1318 1008 1388 codiees
1038 1328 1156 1387 omues
1178 1311 1334 1384 διελόντι.

270 1425 474 1494 deridendum
502 1427 616 1510 igitur:
654 1419 900 1510 ὁποτέρου-δή
929 1431 1021 1490 ἐστιν
1049 1449 1070 1508 η
1094 1426 1273 1508 Αἴγυπτος
1299 1416 1334 1506 ἢ,

270 1531 481 1606 διελόντι,
508 1557 532 1616 η
553 1523 641 1596 κότω
667 1533 834 1618 λεγομένη
855 1533 917 1616 τῆς
938 1535 984 1600 A.
1006 1553 1046 1616 χ.,
1067 1531 1099 1594 id
1122 1531 1187 1594 est:
1225 1539 1287 1604 out,
1308 1533 1337 1606 εἰ

270 1637 390 1700 dividae
411 1656 468 1702 neo
488 1637 526 1701 do
549 1637 634 1702 omni
654 1635 789 1722 AEgypto
816 1638 910 1704 simul
936 1638 1064 1702 statuas.
1108 1635 1166 1713 (De
1189 1629 1333 1702 διελόντι

269 1744 356 1827 τηατ,
371 1743 424 1808 Gr.
447 1743 464 1826 ᾖ
489 1743 529 1806 38
552 1748 590 1820 ο.)

368 1847 436 1912 Lib.
456 1848 488 1910 Π
508 1868 540 1930 p.
564 1847 603 1908 76
627 1850 668 1923 (1,
693 1847 744 1925 18)
766 1847 872 1914 sorib.:
898 1842 942 1922 ιός
964 1847 1260 1932 ἰσοδυναμοῦν
1281 1847 1333 1933 τῷ

268 1956 505 2038 ζητουμένῳ
529 1945 769 2036 λαμβάνοντος
783 1949 870 2038 πρός
892 1951 929 2018 τό
953 1946 1132 2030 α’πσδείξαι
1154 1950 1193 2022 τό
1215 1950 1333 2038 ζητού-

266 2081 392 2144 μενον;
426 2058 586 2126 contendit
607 2058 817 2123 adverserium
838 2059 881 2134 id,
902 2058 985 2141 quod
1008 2061 1171 2142 queretur,
1206 2060 1333 2126 demon·

267 2167 365 2230 strare
387 2165 509 2247 sumpto
530 2164 612 2245 (sine
634 2165 906 2243 demonstratione)
930 2183 981 2242 oo,
1011 2165 1091 2247 quod
1112 2165 1197 2230 idem
1220 2165 1330 2231 velent.

269 2269 362 2334 Oodd.
376 2273 408 2334 et
422 2269 506 2336 edd:
531 2265 576 2342 τίς
598 2263 901 2352 ἰσαδυναμσόντων
922 2271 991 2335 τείν
1015 2275 1231 2356 ζητουμένων
1245 2273 1332 2355 λαμ-

266 2369 448 2460 βάνοντος,
471 2375 537 2440 siue
559 2394 661 2442 sensu.
711 2375 804 2440 Error
825 2375 916 2458 eoepit
937 2377 976 2442 eb
998 2367 1278 2463 ἰσοδυναμουντῳ
1299 2379 1331 2442 in

266 2501 359 2549 unum
381 2500 490 2548 vooem
513 2483 645 2547 conflato
669 2485 701 2546 et
723 2477 1027 2566 ἰσοδυναμούντων
1047 2483 1137 2548 sueto.

236 2601 239 2608 '
366 2587 430 2652 lbd.
457 2588 497 2648 79
519 2589 562 2664 (1,
585 2587 637 2665 23)
659 2606 714 2669 pro
737 2587 992 2673 καταμηνόσιτσ
1016 2589 1119 2659 Βατίδα
1143 2611 1329 2670 καταμη-

266 2686 367 2756 νόοι.
415 2691 521 2762 (Εεεοε
543 2709 579 2754 ex
601 2693 741 2773 sequenti
764 2699 805 2771 ο.)
1040 2749 1043 2754 .

365 2795 430 2860 lod.
443 2800 483 2857 80
496 2798 538 2873 (1,
562 2797 613 2874 26)
636 2797 844 2864 scribendum:
874 2801 945 2866 Τοῦ
969 2800 1003 2866 δὲ·
1019 2793 1105 2884 πρός
1120 2807 1160 2864 ἕω
1177 2796 1327 2880 πλευραί

264 2897 303 2966 τό
325 2906 390 2986 μὲν
412 2895 466 2966 διό
490 2903 551 2984 της
577 2903 749 2986 Περσικῆς
770 2907 882 2990 μηκας
903 2953 911 2970 .
929 2953 964 2970 ..
989 2899 1052 2972 οὐκ
1077 2907 1218 2970 ἔλαττον
1240 2901 1327 2966 εἶναι

263 3008 356 3072 δοκεῖ
384 3007 452 3092 τόν
484 3001 739 3094 ὀκτακισχιλίων
777 3055 864 3086 ...,
898 3005 937 3076 τό
972 3011 1006 3078 δί
1040 3005 1163 3076 λοιπόν
1191 3003 1245 3074 διαί
1268 3007 1328 3092 τῆς

268 3111 530 3198 Παραιτακηνῆς
553 3139 581 3178 κ.
605 3139 634 3178 τ.
658 3117 701 3192 λ.,
727 3117 848 3182 subluto
873 3111 969 3191 κατά,
996 3117 1078 3200 quod
1098 3116 1179 3182 inter
1201 3116 1327 3200 Περσι-

264 3221 324 3304 κῆς
345 3221 378 3284 θλ
397 3220 508 3304 μῆκος
530 3219 664 3284 additur.

315 3334 320 3344 ’
361 3325 699 3404 lod.(1,eeot27).
751 3326 1053 3392 Nontrunsitnrad
1075 3345 1130 3402 ou,
1161 3343 1228 3409 ηοω
1249 3325 1326 3390 Ere·

260 3429 421 3495 tosthenes
444 3433 521 3516 περὶ
546 3433 607 3516 της
629 3433 744 3515 τρίτης
767 3433 951 3518 σφραγῖδος
972 3433 1098 3509 dixerut,
1121 3432 1175 3498 sed
1198 3449 1235 3496 αα
1255 3430 1326 3496 fini·

260 3537 369 3611 untur,
400 3538 435 3602 ut
457 3537 599 3621 deinceps
627 3539 664 3602 de
685 3538 724 3604 iis
745 3537 909 3604 indicetur.
961 3537 1082 3604 snio:
1125 3531 1172 3604 Ὁ
1188 3541 1261 3620 ,μὲν
1284 3533 1324 3620 δή

260 3635 514 3727 Ἐρατοσθένης
537 3639 665 3709 τοιαῦτ’
689 3645 800 3728 εἴρηκε
823 3645 901 3728 περὶ
924 3644 985 3728 της
999 3643 1116 3727 τρίτης
1131 3644 1324 3730 σφραγῖδας.

260 3750 330 3814 Καὶ
354 3745 441 3813 όλλα
465 3755 531 3832 μέν
562 3775 638 3815 τινα
671 3743 903 3834 ἁμαρτήματα
935 3761 1028 3814 ποιεῖ
1051 3774 1079 3814 ιι.
1101 3774 1129 3812 τ.
1153 3752 1182 3814 λ.
1239 3749 1325 3814 Melo

260 3855 424 3938 discerptis
447 3856 608 3922 sententiis
630 3860 701 3938 post
722 3855 808 3939 περί
823 3855 963 3920 additum
985 3856 1033 3919 est
1055 3852 1098 3920 δὲ.

359 3959 475 4025 Ibd.81
500 3960 543 4039 (1,
565 3961 621 4040 28)
644 3959 824 4026 inserendus
836 3959 1000 4040 urtioulus:
1024 3954 1089 4043 τήν
1111 3959 1325 4060 διορίζουσαν

257 4059 423 4150 γραμμήν
446 4061 493 4130 τό
515 4071 672 4148 ἑσπέριον
694 4063 845 4151 πλευρόν
866 4067 928 4150 τῆς
949 4059 1125 4152 Ἀριανης.
