2994 4672
314 302 375 365 452
737 297 798 354 Lib.
817 299 871 355 III.

274 493 438 582 σώτειραν
475 497 542 562 τῶν
561 475 778 584 'testimon
814 491 1047 581 ἅπεινασμὲνα
1078 497 1121 584 τῇ
1148 497 1216 562 τῶν
1250 499 1336 562 κλοτ-

274 607 428 672 σθέντιον
463 604 508 690 τῷ
552 606 633 688 πυρὶ
661 599 726 690 τήν
757 598 1019 688 οἷμττάστροφον
1050 595 1336 688 α’πτργοζομένων

275 706 434 796 δύναμιν.
478 711 618 776 Primum
639 710 701 776 iam
725 711 778 776 alii
804 711 964 776 senserunt
984 727 1043 774 non
1064 709 1159 774 verba
1184 727 1241 774 neo
1268 727 1337 774 ora-

274 820 391 888 tionem
426 816 565 882 habitam
598 818 637 882 ab
662 817 785 899 'Atropo
821 815 951 889 servari,
992 817 1228 898 corruptumque
1270 831 1337 879 osse

275 925 482 1010 λεχθέντων,
519 921 574 986 sed
593 921 786 1005 'corrigendo
826 921 1020 993 aberraruntz
1063 920 1260 986 scribendum
1290 919 1338 984 est

276 1033 359 1097 enim
381 1031 662 1114 τλτχθέντον.
703 1027 822 1092 Deinde
853 1029 885 1092 in
906 1027 1053 1109 proximis
1073 1026 1164 1091 valde
1186 1027 1339 1102 aberrant

274 1136 455 1220 longissime
483 1134 696 1208 Hermannus,
730 1134 833 1198 omnia
861 1132 926 1196 veri
956 1131 1089 1214 vestigia
1114 1133 1243 1206 tollens,
1266 1131 1339 1195 dnm

275 1241 428 1325 ignorant,
447 1235 513 1324 igni
535 1239 568 1302 et
589 1237 745 1322 coquendo
767 1238 811 1316 (in
832 1243 924 1320 aqua)
955 1239 1050 1302 etiem
1070 1237 1152 1319 apud
1173 1256 1228 1301 nos
1249 1237 1339 1301 filae

275 1347 339 1412 lino
361 1346 453 1410 dueta
474 1344 513 1410 ad
537 1363 627 1409 usum
650 1343 750 1426 parari
785 1343 816 1407 et
843 1343 968 1408 firmari.
1018 1343 1218 1408 scribendum
1245 1341 1340 1426 igitur

279 1451 451 1517 certissima
472 1447 702 1514 emendatione:
738 1441 1057 1532 ἀπεικασμένην
1091 1473 1142 1536 πῃ
1164 1447 1233 1511 τοῖν
1255 1449 1340 1511 κλοτ-

279 1559 433 1623 σθίντοιν
461 1555 506 1642 τῷ
531 1556 612 1639 noel
636 1549 699 1639 τήν
728 1548 990 1638 ἀμετάστροφον
1017 1547 1340 1640 α’περγαζομὲνῳ

279 1657 442 1745 deiferae:
464 1660 599 1726 similem
631 1660 856 1742 quodammodo
888 1660 968 1744 igni,
1003 1659 1143 1743 quidde
1180 1661 1245 1726 vim
1272 1677 1341 1724 eam
1434 1676 1438 1692 ⁸

279 1769 341 1838 dat.
363 1769 400 1832 ut
420 1766 532 1831 resolvi
554 1767 718 1848 nequeant.

729 2077 813 2159 Cap.
837 2079 895 2142 IV.

592 2251 718 2307 Oratores
736 2253 832 2308 Attici.
869 2252 1038 2308 Aristoteles.

383 2387 527 2454 Oratores
548 2387 672 2454 Atticos
685 2408 798 2454 omnes
819 2389 937 2473 perlegi
959 2407 988 2454 a.
1012 2388 1093 2452 1842
1116 2391 1148 2454 et
1173 2391 1264 2468 1843,
1284 2411 1344 2457 non
1481 2359 1482 2362 Ἴ

280 2494 397 2559 minuto
426 2493 546 2576 singula
578 2494 759 2576 expendens.
802 2495 913 2560 Postea
942 2493 1096 2567 Isocratis,
1132 2495 1247 2580 Lysia,
1279 2497 1344 2562 De-

281 2597 451 2664 mosthenis
493 2597 609 2682 aliquot
652 2599 804 2664 orationes
844 2598 938 2664 etiem
986 2617 1056 2664 oum
1099 2599 1343 2678 adoleeoentibue

280 2705 420 2778 tractavi,
441 2693 604 2768 verborum
628 2705 745 2788 quoque
767 2705 898 2770 formam
925 2703 1103 2788 diligentius
1134 2706 1269 2790 exigens,
1289 2725 1345 2773 neo

282 2812 387 2874 tamen
409 2810 510 2874 multa
530 2810 685 2874 annotavi.
721 2811 757 2873 In
780 2809 860 2886 aliis
881 2811 918 2873 ut
938 2811 1072 2874 Isocrate
1084 2811 1346 2890 etDemosthene‚

281 2933 342 2980 non
373 2915 418 2978 ite
449 2933 580 2998 magnus
609 2915 657 2980 eet
684 2915 866 2980 oonieeturae
899 2935 983 2992 usus,
1010 2917 1043 2980 in
1074 2917 1152 2994 aliis,
1180 2919 1217 2982 nt
1245 2919 1346 3003 Lysia,

284 3037 394 3102 parum
415 3019 518 3083 tntum
539 3020 633 3085 habet
652 3019 902 3094 fermentum:
924 3021 983 3086 etsi
1005 3023 1125 3106 egregie
1146 3023 1191 3087 ibi
1211 3043 1257 3096 ea,
1280 3043 1347 3107 qne

283 3126 361 3200 erat,
394 3124 527 3190 materia
562 3126 611 3190 usi
647 3127 720 3190 sunt
756 3124 915 3200 (lautores,
950 3125 1161 3205 Marklandus‚
1198 3128 1347 3206 Tedertis,

282 3223 437 3303 Reiekius
461 3229 610 3308 Doberos,
631 3231 804 3314 Emporias,
825 3230 884 3296 alii
900 3249 1006 3314 nuper.

287 3355 291 3376 ¹
386 3335 479 3416 Apud
499 3335 729 3421 Antiphontem
750 3336 788 3400 de
810 3337 892 3400 caede
914 3337 1028 3402 Herod.
1050 3338 1068 3420 ξ
1090 3338 1131 3400 50
1151 3339 1349 3404 scribendum

283 3459 367 3506 esse:
401 3433 583 3524 ἠπίστατο,
618 3438 671 3506 ὅτι
705 3437 782 3506 τότε
821 3437 1031 3508 παύοοιτο
1062 3447 1128 3525 (pro
1165 3436 1348 3523 παύσαιτο)

285 3539 566 3632 στρεβλούμενος,
599 3546 660 3612 dixi
681 3546 744 3610 iam
771 3548 1006 3632 Bemerlrungon
1029 3569 1083 3614 zur
1109 3549 1220 3633 grieoh.
1244 3549 1348 3616 Wort·

285 3651 440 3735 fegrmgsl.
463 3670 494 3733 p.
518 3656 610 3716 2411.
637 3654 685 3716 16.

386 3757 478 3840 Apud
498 3757 697 3825 Andocidem
718 3758 757 3823 de
778 3761 904 3843 myster.
929 3759 947 3842 ᾗ
972 3760 1029 3820 141
1054 3759 1271 3826 seribendum:
1295 3762 1349 3826 καὶ

286 3859 391 3938 ὅπως,
414 3864 550 3929 εἴποτέ
577 3889 629 3937 τις
654 3857 772 3936 αὐτοῖς
797 3861 820 3950 ἢ
847 3866 916 3930 τῶν
949 3870 982 3942 ἐξ
1010 3866 1147 3933 ἐκείνων
1179 3867 1249 3932 τινὶ
1281 3867 1351 3930 τίν-

287 3969 388 4040 δονος
418 3964 642 4053 γενήσεται
673 3980 739 4054 (pro
769 3965 962 4056 γένηται)ἧ
991 3967 1163 4057 ονμφοροὶ,
1191 3965 1350 4051 οώζονντο

287 4069 489 4160 συγγνώμης
511 4068 590 4157 παρ’
611 4070 711 4158 ὑμῶν
731 4071 965 4164 τυγχάνοντος.
