2944 4660
290 277 331 341 20
753 279 815 334 Lib.
836 281 859 335 I.

247 479 403 561 exemplis,
425 477 458 542 in
482 476 592 558 quibus
615 478 803 544 confirmo
826 481 858 544 et
879 477 1068 544 conformo
1089 477 1312 559 permutantur.

245 585 385 650 Valerius
396 573 549 648 Maximus
571 583 629 661 111,
646 585 664 644 7
679 585 715 649 H.
732 585 751 646 6
774 585 917 650 Prusiam
940 580 1053 657 ridens,
1076 582 1128 664 qui
1148 582 1180 646 in
1200 601 1232 647 re
1247 583 1314 646 bel·

244 692 307 774 lica
325 691 394 773 plns
417 690 494 753 entis
516 707 609 771 quam
631 689 800 777 Hannibali
821 687 1013 764 credidisset,
1035 687 1080 750 sic
1101 686 1237 769 scripsit:
1266 687 1313 751 Ht

246 813 348 873 sene,
381 793 475 880 quod
506 793 552 858 ad
580 794 811 877 exploranda
839 794 985 859 bellica
1017 790 1189 856 artificia
1210 792 1313 855 aesti·

245 901 476 983 mandosque
515 899 710 964 militares
753 899 889 964 ductus
928 898 1139 973 attinebat,
1183 916 1313 962 omnes

244 1005 408 1082 foculos,
435 1023 561 1071 omnes
583 1025 668 1071 aras
690 1005 898 1089 Bithyniae,
920 1003 1043 1068 Marte
1067 1003 1147 1085 ipso
1168 1003 1311 1080 iudice,

244 1112 383 1194 pectus
409 1111 642 1176 Hannibalis
663 1110 964 1194 praegravasset.
989 1109 1049 1172 Pro
1066 1108 1255 1172 soscribitur
1280 1110 1311 1174 in

246 1215 400 1281 codicibus
424 1215 585 1300 editurque
604 1217 642 1280 ab
661 1215 801 1282 omnibus
818 1215 964 1279 bellica
981 1213 1206 1291 sacrificia,
1227 1233 1311 1296 pror-

246 1337 297 1387 sus
325 1321 469 1399 ridicule,
492 1322 589 1408 quasi
602 1323 635 1386 in
647 1320 822 1386 Hannibale
844 1319 1063 1384 sacrificiorum
1084 1320 1311 1400 peritialaude-

244 1429 296 1492 tur
322 1428 355 1492 et
376 1447 419 1492 ea
433 1427 518 1492 recte
542 1427 597 1490 ant
617 1426 729 1490 saltem
752 1425 955 1490 tolerabiliter
977 1443 1047 1489 cum
1068 1425 1310 1491 militaribus
1446 1407 1457 1434 '

245 1533 422 1597 ductibus
446 1533 690 1615 coniungantur,
718 1550 754 1594 ao
775 1548 835 1594 uon
856 1530 915 1594 boc
937 1530 1039 1612 ipsum
1053 1531 1193 1596 Valerius
1219 1531 1310 1609 dicat,

194 1680 200 1710 .
243 1639 388 1703 bellicam
411 1637 594 1702 Hannibalis
622 1635 767 1718 peritiam
794 1635 936 1700 omnibus
966 1636 1123 1701 sacrificiis
1145 1637 1311 1719 praeferen-

246 1742 318 1807 dam
340 1743 445 1808 inisse.
490 1743 677 1808 Communes
702 1741 814 1806 litterae
836 1740 950 1804 ificia
973 1741 1104 1805 alterum
1127 1743 1310 1808 vocabulum

243 1849 433 1924 obiecerunt3
467 1848 526 1912 etsi
549 1848 745 1925 etiamnum
768 1865 788 1911 a
808 1846 915 1912 littera
937 1847 1033 1910 semel
1058 1847 1172 1932 scripta
1192 1847 1310 1912 factum

245 1957 327 2020 esset
356 1951 674 2030 bellicartificia‚
708 1953 893 2016 vocabulum
924 1952 1024 2033 capite
1051 1953 1193 2016 truncum
1215 1971 1310 2036 prava

245 2061 435 2136 coniectura,
475 2057 555 2140 quod
577 2057 614 2122 ds¹
636 2057 713 2122 extis
743 2055 860 2139 aliquid
886 2059 1101 2140 praesecaret,
1134 2059 1310 2141 suppletum

244 2183 311 2230 esse
336 2165 448 2246 potest.
481 2161 604 2226 Senecae
632 2162 756 2244 quidem
784 2162 822 2226 de
845 2163 1017 2228 constantia
1038 2183 1103 2246 sap.
1127 2163 1176 2239 15,
1203 2161 1223 2224 3
1245 2162 1310 2226 sola

244 2269 348 2335 nocuit
368 2267 554 2344 similitudo,
591 2266 643 2349 qui
664 2285 734 2332 cum
755 2285 811 2350 per
831 2266 987 2350 figuram,
1014 2271 1050 2334 ut
1071 2269 1165 2346 solet,
1194 2268 1310 2352 experi-

244 2376 384 2440 mentum
408 2391 516 2454 capere
537 2371 646 2438 iubens
667 2372 711 2437 sio
729 2373 920 2455 scripsisset:
956 2373 1088 2452 Quare
1115 2375 1151 2438 et
1177 2393 1310 2456 aspera

244 2482 282 2544 et
314 2495 548 2562 quacunque
575 2477 754 2541 toleratu
774 2477 909 2561 gravia
931 2480 1021 2544 sunt
1041 2479 1250 2562 audituque
1273 2481 1310 2544 et

243 2587 327 2651 risu
355 2581 609 2666 refugienda;
647 2601 720 2647 non
753 2583 935 2648 obruetur
966 2587 1226 2650 eorumcoetu
1260 2585 1308 2661 et,

182 2755 184 2772 ,
244 2689 371 2774 qualis
404 2688 590 2772 singulis,
622 2687 716 2754 talis
749 2688 945 2782 universis
976 2691 1160 2769 obsistet,
1194 2691 1309 2756 subeli-

242 2799 309 2862 tuto
343 2812 458 2877 quare
485 2811 539 2876 pro
566 2811 690 2877 quaere
721 2794 900 2876 perturbata
927 2797 1018 2878 plane
1046 2797 1229 2874 oratricem,
1263 2797 1312 2860 cui

243 2901 358 2966 frustra
379 2917 475 2986 nuper
502 2898 714 2964 incredibilem
751 2900 927 2966 anacoluthi
951 2903 1083 2985 speciem
1105 2903 1310 2968 adhibuerunt

243 3007 380 3089 (quare
409 3021 545 3086 aspera
660 3021 731 3068 non
758 3005 981 3092 obruetur);
1016 3009 1185 3092 superiores
1212 3010 1308 3074 inter·

242 3111 398 3194 polatione
429 3109 593 3174 temeraria
619 3108 669 3174 nsi
696 3112 784 3174 erant
820 3111 959 3193 (quare
989 3115 1059 3180 etsi
1092 3133 1229 3198 aspera

243 3217 577 3300 quantumcunque
590 3263 597 3278 .
610 3263 617 3278 .
630 3263 638 3278 .
651 3214 753 3297 sint).
786 3215 856 3280 Una
876 3217 982 3282 littera
1002 3220 1122 3302 longius
1145 3213 1308 3306 πελάγιος

242 3322 323 3406 apud
340 3319 521 3385 Strabonem
539 3320 585 3384 bis
606 3338 661 3402 pro
684 3311 830 3406 πλάγιος
845 3324 981 3404 positum
996 3327 1053 3406 est,
1069 3325 1204 3408 primum
1218 3326 1266 3390 ΙΙΙ
1277 3346 1307 3407 p.

157 3414 159 3423 Α
244 3429 319 3490 167:
343 3428 406 3491 eici
430 3425 463 3489 di
487 3421 695 3511 καὶπλάγιαι
717 3429 852 3508 μᾶλλον
871 3433 906 3494 αἱ
919 3431 1133 3496 Πιτυούσσαι
1150 3433 1205 3496 καὶ
1221 3425 1307 3512 πρός

243 3531 388 3615 ἑσπέραν
400 3532 590 3614 κεκλιμέναι
606 3533 888 3617 confirmacione
902 3535 1014 3620 (magis
1029 3535 1068 3600 ed
1083 3537 1213 3602 alterum
1225 3535 1306 3600 laius

242 3650 356 3713 versae3
383 3635 563 3702 Germanice
580 3637 681 3702 dicas:
708 3637 810 3724 liegen
832 3640 920 3703 mehr
937 3639 1118 3725 seitwarts);
1146 3634 1305 3726 nsldyrcae

244 3749 275 3811 et
295 3735 453 3828 πελάγιαι
469 3743 614 3824 μᾶλλον,
639 3743 675 3806 ut
688 3746 832 3812 scribitur
849 3746 880 3808 et
898 3744 1007 3823 editum,
1029 3746 1094 3811 iuro
1110 3748 1175 3812 tam
1192 3747 1306 3812 mirum

242 3850 393 3916 Meinekio
416 3848 447 3911 in
462 3848 572 3913 insulis
584 3848 684 3913 visum
700 3851 756 3927 est,
779 3851 814 3914 ut
826 3849 986 3914 stellulam
998 3853 1174 3934 apponeret3
1197 3852 1306 3918 deinde

239 3959 311 4039 Vp.
327 3949 398 4032 244,
413 3955 466 4020 ubi
488 3953 619 4018 editores
640 3952 718 4018 adeo
733 3955 884 4034 nesciunt,
908 3955 981 4038 quid
1002 3955 1116 4022 fociant
1128 3957 1229 4024 verbis
1241 3957 1306 4043 ιήιι
1442 4021 1444 4028 ,
