2944 4660
611 265 672 322 Lib.
690 267 713 322 1.
1115 271 1157 334 33

128 465 228 530 vitia.
277 465 458 550 Voluptatis
494 471 642 549 tanquam
675 467 790 532 summi
822 469 891 532 boni
918 469 1151 552 inscriptionem
1179 491 1198 535 a

126 569 204 634 vitiis
227 571 267 634 ad
290 589 324 636 se
358 572 531 655 obtegenda
561 573 719 664 inventam
752 573 805 638 ait.
864 573 957 656 Apud
990 576 1122 640 eundem
1158 578 1195 641 de

127 675 291 740 clementia
314 677 339 753 Ι,
365 677 403 738 12
426 678 471 740 010
491 677 627 742 Ηο00100
650 677 761 742 edidit:
790 677 864 742 Sed
884 695 965 742 mor
992 681 1051 764 [de
1075 681 1195 767 Sulla]

127 799 418 864 consequemur,
445 783 632 865 quomodo
657 782 840 847 hostibus
866 782 1111 850 irascendum
1141 789 1194 852 sit

125 887 253 968 ntique
291 888 324 951 si
359 889 399 951 in
436 887 580 952 hostile
619 905 748 952 nomeu
782 887 886 952 cives
919 891 957 953 01
990 909 1033 954 er
1066 893 1194 976 eodem

126 1009 281 1074 corpore
304 993 462 1075 abrupti
483 993 728 1058 transierint.
775 993 896 1058 Bellam
917 1011 990 1060 vero
1010 997 1194 1063 orationem:

126 1115 416 1182 consequemur,
456 1098 644 1180 quomodo
680 1099 921 1164 irascendum
954 1101 1023 1165 sit!
1076 1102 1195 1169 Seneca

125 1203 303 1285 scripserat:
328 1205 400 1269 Sed
423 1207 506 1268 mox
522 1205 564 1268 dc
580 1203 697 1282 Sulla,
716 1219 787 1270 cum
806 1221 994 1289 quisnamne,
1013 1207 1193 1289 quomodo

125 1311 175 1374 cat.
225 1310 279 1372 Ad
302 1310 393 1374 illum
414 1309 516 1372 locum
540 1307 642 1373 differt
664 1311 759 1374 etiam
781 1310 819 1374 de
842 1311 928 1374 Sulla
948 1308 1104 1378 iudicium.
1149 1315 1194 1379 Er

25 1437 27 1508 5
126 1415 525 1497 conqueremusnatum
540 1431 827 1496 consequemur.
850 1415 924 1494 (Oh.
945 1435 1193 1501 persequere·

25 1521 26 1534 ¹
124 1523 178 1583 tur
199 1521 410 1586 substitutum
424 1521 457 1583 in
469 1519 624 1586 codicibus
636 1539 691 1601 pro
711 1539 778 1602 per
798 1537 837 1585 se
859 1523 1194 1605 quaereretur-apud

123 1623 238 1690 Livium
276 1625 344 1702 XL,
379 1628 428 1702 12,
466 1625 528 1707 ll.)
576 1625 716 1689 ’10011001
751 1643 863 1708 ponam
896 1625 1035 1691 eiusdem
1070 1627 1193 1694 Seneca

125 1733 297 1814 exemplum
321 1734 391 1816 (000
414 1733 534 1814 copiam
556 1730 757 1813 exhauriam),
778 1732 833 1814 qui
855 1731 1010 1836 0010191,
1028 1733 1065 1793 11
1090 1734 1122 1797 in
1141 1735 1193 1798 in-

25 1837 26 1930 }
124 1837 221 1903 cendio
255 1839 373 1904 montis
395 1836 592 1902 describendo
625 1836 672 1901 his
705 1838 805 1902 verbis
834 1855 909 1902 usus
940 1840 1023 1902 erat:
1072 1839 1193 1906 Vasta

25 2009 26 2012 ,
124 1945 172 2009 010
210 1945 362 2028 ignium
402 1943 538 2019 colles,
577 1959 642 2024 per
686 1959 776 2023 quos
816 1943 1032 2021 relucebat,
1072 1946 1193 2010 erosit

25 2045 26 2110 l
124 2054 156 2115 01
176 2050 370 2134 quondam
391 2049 610 2114 altissimos
631 2046 817 2123 vortices,
847 2047 991 2112 solatia
1012 2050 1192 2134 navigan-

25 2149 26 2156 ’
123 2156 208 2220 tinm
231 2176 278 2221 00
301 2156 492 2238 00000100,
525 2151 571 2218 ad
602 2151 749 2216 humile
780 2151 946 2230 deduxit,
981 2155 1052 2238 0010
1075 2155 1191 2222 motus

123 2262 305 2327 accusativis
333 2263 365 2328 01
394 2261 512 2326 duobus
542 2257 643 2324 verbis
676 2257 835 2350 copulatis,
886 2257 964 2323 Cum
991 2263 1101 2325 vasta
1131 2262 1190 2327 vis

26 2419 28 2444 ,
123 2368 285 2433 conflatum
309 2367 406 2443 esset,
437 2365 543 2430 littera
563 2364 701 2459 erhema
721 2363 857 2441 0101010,
884 2364 917 2427 10
939 2367 1126 2444 00010011,
1155 2388 1191 2433 ex

122 2474 280 2556 ignium,
311 2470 391 2555 quod
413 2470 547 2553 optimus
569 2469 663 2534 codex
684 2469 834 2547 servavit,
862 2471 970 2534 natum
999 2474 1048 2536 est
1073 2474 1190 2557 ignis,

26 2651 27 2662 ¹
122 2579 239 2643 turbata
277 2581 382 2643 tamen
420 2577 632 2640 membranum
663 2575 809 2639 orationis
851 2575 1053 2656 cohaerentia,
1096 2599 1188 2662 quam

122 2683 251 2748 Haasius
282 2685 319 2748 ut
344 2681 532 2760 restitueret,
566 2699 603 2745 ex
634 2679 785 2763 ignium
819 2681 892 2746 fecit
923 2680 1027 2764 ignis
1062 2685 1186 2748 solum

122 2789 264 2869 quattuor
279 2788 393 2853 litteris
405 2785 544 2863 01100110,
566 2785 736 2867 inciditque
746 2786 778 2852 in
788 2785 934 2852 vitiosam
949 2787 1189 2870 copulationemt

121 2895 387 2960 vastavit...
420 2893 545 2957 erosit
584 2893 714 2956 ct...
754 2891 922 2956 deduxit.
981 2891 1189 2975 (superiorum

120 2999 366 3082 interpolationes
380 2999 432 3062 hic
445 2999 481 3062 01
495 2997 569 3062 alibi
585 2997 718 3079 omitto.)
749 2995 876 3064 Seneca
889 2994 1037 3062 addamus
1050 2997 1191 3076 Festum,

120 3103 194 3184 apud
227 3123 322 3186 quem
354 3103 412 3168 hoc
445 3121 544 3167 errore
571 3104 680 3166 natum
704 3104 752 3166 est
779 3101 962 3168 vocabulum
983 3122 1044 3168 non
1065 3105 1188 3168 tantum

119 3207 180 3290 ipsa
200 3209 396 3294 longitudine
421 3207 582 3272 mirabile:
612 3207 970 3274 Praeciamitatores
997 3208 1187 3288 dicuntur,

120 3315 179 3395 qni
206 3314 531 3380 flaminibus...
560 3311 840 3378 antecedentes
868 3313 1095 3380 exclamant
1129 3297 1187 3382 001.

120 3419 152 3482 11
175 3439 290 3486 nomen
322 3439 359 3484 ex
391 3419 536 3502 praecia
567 3418 632 3501 (qui
651 3419 732 3501 apud
753 3419 886 3484 Paulum
907 3440 937 3502 0.
960 3420 1023 3482 224
1044 3419 1188 3486 Muelleri

120 3525 320 3608 appellantur)
343 3525 455 3598 etalio
477 3524 641 3590 conflatum
670 3542 752 3601 esse,
782 3525 847 3588 iam
870 3523 1187 3607 Scaligerintellerit,

120 3631 201 3695 modo
223 3649 264 3694 ne
285 3631 502 3697 metatores
524 3629 689 3712 posuisset,
712 3647 788 3710 quos
810 3629 882 3694 hinc
897 3630 1013 3694 0110000
1026 3647 1094 3694 0000
1104 3633 1188 3696 recte

119 3733 285 3802 iudicatum
319 3739 377 3814 ast,
415 3735 471 3802 sad
502 3735 686 3812 viatores,
720 3735 772 3816 qui
804 3734 957 3818 aptissimi
990 3736 1072 3798 sunt.
1125 3735 1186 3828 Hic

120 3841 219 3908 tamar
237 3863 322 3909 error
336 3842 434 3908 Paulo
449 3839 604 3922 antiquior
625 3840 683 3918 001,
705 3841 787 3922 apud
809 3859 901 3923 quem
922 3839 1052 3907 totidem
1074 3841 1186 3930 litteris

120 3949 464 4027 praciamitatores
494 3947 657 4028 ponuntur.
711 3945 805 4028 Apud
833 3944 973 4012 Gellium
994 3944 1060 4023 XX,
1087 3946 1115 4023 1,
1144 3949 1186 4007 34

120 4023 356 4130 iureconsultus,
396 4053 497 4136 legem
535 4051 598 4114 XII
638 4051 813 4115 tabularum
861 4052 966 4115 contra
999 4050 1185 4114 Favorinum

160 4182 271 4218 mauviel!
284 4183 362 4218 rann.
376 4183 426 4216 cerr.
742 4174 745 4178 ’
968 4168 983 4208 3
