<?xml version="1.0" encoding="UTF-8"?>
<!DOCTYPE html PUBLIC "-//W3C//DTD XHTML 1.0 Transitional//EN"
    "http://www.w3.org/TR/xhtml1/DTD/xhtml1-transitional.dtd">
<html xmlns="http://www.w3.org/1999/xhtml" xml:lang="en" lang="en">
 <head>
  <title>
</title>
<meta http-equiv="Content-Type" content="text/html;charset=utf-8" />
  <meta name='ocr-system' content='tesseract 3.04.00' />
  <meta name='ocr-capabilities' content='ocr_page ocr_carea ocr_par ocr_line ocrx_word'/>
</head>
<body>
  <div class='ocr_page' id='page_1' title='image "./adversariacriti02madvgoog_0737.png"; bbox 0 0 2942 4676; ppageno 0'>
   <div class='ocr_carea' id='block_1_1' title="bbox 310 295 858 358">
    <p class='ocr_par' dir='ltr' id='par_1_1' title="bbox 310 295 858 358">
     <span class='ocr_line' id='line_1_1' title="bbox 310 295 858 358; baseline -0.004 -2"><span class='ocrx_word' id='word_1_1' title='bbox 310 295 371 358; x_wconf 72' lang='lat'><strong>722</strong></span> <span class='ocrx_word' id='word_1_2' title='bbox 750 297 858 356; x_wconf 54' lang='lat' dir='ltr'><strong>Lm.t</strong></span> 
     </span>
    </p>
   </div>
   <div class='ocr_carea' id='block_1_2' title="bbox 269 491 1462 892">
    <p class='ocr_par' dir='ltr' id='par_1_2' title="bbox 269 491 1462 892">
     <span class='ocr_line' id='line_1_2' title="bbox 269 491 1331 579; baseline 0.007 -23"><span class='ocrx_word' id='word_1_3' title='bbox 269 491 301 556; x_wconf 93' lang='lat' dir='ltr'><strong>in</strong></span> <span class='ocrx_word' id='word_1_4' title='bbox 340 493 431 557; x_wconf 89' lang='lat' dir='ltr'><strong>unius</strong></span> <span class='ocrx_word' id='word_1_5' title='bbox 467 493 633 560; x_wconf 76' lang='lat' dir='ltr'><strong>alteriusve</strong></span> <span class='ocrx_word' id='word_1_6' title='bbox 669 495 729 559; x_wconf 93' lang='lat' dir='ltr'><strong>loci</strong></span> <span class='ocrx_word' id='word_1_7' title='bbox 767 494 978 560; x_wconf 81' lang='lat' dir='ltr'><strong>emendatione</strong></span> <span class='ocrx_word' id='word_1_8' title='bbox 1009 497 1152 579; x_wconf 78' lang='lat' dir='ltr'><strong>positam.</strong></span> <span class='ocrx_word' id='word_1_9' title='bbox 1211 495 1270 562; x_wconf 85' lang='lat' dir='ltr'><strong>Sed</strong></span> <span class='ocrx_word' id='word_1_10' title='bbox 1301 499 1331 564; x_wconf 87' lang='lat' dir='ltr'><strong>et</strong></span> 
     </span>
     <span class='ocr_line' id='line_1_3' title="bbox 270 597 1330 682; baseline 0.004 -18"><span class='ocrx_word' id='word_1_11' title='bbox 270 597 429 664; x_wconf 88' lang='lat' dir='ltr'><strong>scribendo</strong></span> <span class='ocrx_word' id='word_1_12' title='bbox 477 599 577 664; x_wconf 83' lang='lat' dir='ltr'><strong>fessus</strong></span> <span class='ocrx_word' id='word_1_13' title='bbox 611 601 643 664; x_wconf 86' lang='lat' dir='ltr'><strong>et</strong></span> <span class='ocrx_word' id='word_1_14' title='bbox 676 601 745 682; x_wconf 89' lang='lat' dir='ltr'><strong>ipsa</strong></span> <span class='ocrx_word' id='word_1_15' title='bbox 779 601 930 666; x_wconf 83' lang='lat' dir='ltr'><strong>tenuitate</strong></span> <span class='ocrx_word' id='word_1_16' title='bbox 966 601 1129 667; x_wconf 88' lang='lat' dir='ltr'><strong>deterritus</strong></span> <span class='ocrx_word' id='word_1_17' title='bbox 1171 602 1330 668; x_wconf 89' lang='lat' dir='ltr'><strong>consihum</strong></span> 
     </span>
     <span class='ocr_line' id='line_1_4' title="bbox 271 703 1462 798; baseline 0.004 -30"><span class='ocrx_word' id='word_1_18' title='bbox 271 703 389 768; x_wconf 88' lang='lat' dir='ltr'><strong>mutavi</strong></span> <span class='ocrx_word' id='word_1_19' title='bbox 425 722 482 768; x_wconf 92' lang='lat' dir='ltr'><strong>nec</strong></span> <span class='ocrx_word' id='word_1_20' title='bbox 517 704 680 786; x_wconf 89' lang='lat' dir='ltr'><strong>quicquam</strong></span> <span class='ocrx_word' id='word_1_21' title='bbox 714 705 825 772; x_wconf 88' lang='lat' dir='ltr'><strong>addam</strong></span> <span class='ocrx_word' id='word_1_22' title='bbox 861 707 973 790; x_wconf 87' lang='lat' dir='ltr'><strong>praeter</strong></span> <span class='ocrx_word' id='word_1_23' title='bbox 1007 707 1164 789; x_wconf 80' lang='lat' dir='ltr'><strong>specimen</strong></span> <span class='ocrx_word' id='word_1_24' title='bbox 1197 727 1233 772; x_wconf 83' lang='lat' dir='ltr'><strong>ex</strong></span> <span class='ocrx_word' id='word_1_25' title='bbox 1271 725 1329 773; x_wconf 90' lang='lat' dir='ltr'><strong>uno</strong></span> <span class='ocrx_word' id='word_1_26' title='bbox 1461 791 1462 798; x_wconf 8' lang='grc' dir='ltr'><em>γ</em></span> 
     </span>
     <span class='ocr_line' id='line_1_5' title="bbox 272 803 1462 892; baseline 0.003 -20"><span class='ocrx_word' id='word_1_27' title='bbox 272 808 421 890; x_wconf 78' lang='lat' dir='ltr'><strong>scriptore</strong></span> <span class='ocrx_word' id='word_1_28' title='bbox 445 807 652 892; x_wconf 86' lang='lat' dir='ltr'><strong>desumptum.</strong></span> <span class='ocrx_word' id='word_1_29' title='bbox 695 810 776 875; x_wconf 88' lang='lat' dir='ltr'><strong>Nam</strong></span> <span class='ocrx_word' id='word_1_30' title='bbox 799 829 867 876; x_wconf 91' lang='lat' dir='ltr'><strong>cnm</strong></span> <span class='ocrx_word' id='word_1_31' title='bbox 891 812 1068 878; x_wconf 81' lang='lat' dir='ltr'><strong>adolescens</strong></span> <span class='ocrx_word' id='word_1_32' title='bbox 1091 815 1124 878; x_wconf 88' lang='lat' dir='ltr'><strong>at</strong></span> <span class='ocrx_word' id='word_1_33' title='bbox 1144 813 1262 878; x_wconf 85' lang='lat' dir='ltr'><strong>iuvenis</strong></span> <span class='ocrx_word' id='word_1_34' title='bbox 1287 813 1331 888; x_wconf 89' lang='lat' dir='ltr'><strong>(ut</strong></span> <span class='ocrx_word' id='word_1_35' title='bbox 1461 803 1462 888; x_wconf 63' lang='lat' dir='ltr'>J</span> 
     </span>
    </p>
   </div>
   <div class='ocr_carea' id='block_1_3' title="bbox 267 913 1331 1422">
    <p class='ocr_par' dir='ltr' id='par_1_3' title="bbox 267 913 1331 1422">
     <span class='ocr_line' id='line_1_6' title="bbox 273 913 1330 1002; baseline 0.005 -25"><span class='ocrx_word' id='word_1_36' title='bbox 273 931 365 994; x_wconf 88' lang='lat' dir='ltr'><strong>supra</strong></span> <span class='ocrx_word' id='word_1_37' title='bbox 387 931 417 994; x_wconf 92' lang='lat' dir='ltr'><strong>p.</strong></span> <span class='ocrx_word' id='word_1_38' title='bbox 442 915 460 974; x_wconf 74' lang='lat'><strong>2</strong></span> <span class='ocrx_word' id='word_1_39' title='bbox 484 913 558 987; x_wconf 84' lang='lat' dir='ltr'><strong>dixi)</strong></span> <span class='ocrx_word' id='word_1_40' title='bbox 581 913 744 1000; x_wconf 83' lang='lat' dir='ltr'><strong>diligenter</strong></span> <span class='ocrx_word' id='word_1_41' title='bbox 766 917 940 984; x_wconf 76' lang='lat' dir='ltr'><strong>Graeoorum</strong></span> <span class='ocrx_word' id='word_1_42' title='bbox 968 917 1080 995; x_wconf 83' lang='lat' dir='ltr'><strong>libros,</strong></span> <span class='ocrx_word' id='word_1_43' title='bbox 1109 919 1161 1002; x_wconf 92' lang='lat' dir='ltr'><strong>qni</strong></span> <span class='ocrx_word' id='word_1_44' title='bbox 1183 919 1220 983; x_wconf 89' lang='lat' dir='ltr'><strong>do</strong></span> <span class='ocrx_word' id='word_1_45' title='bbox 1242 919 1330 984; x_wconf 87' lang='lat' dir='ltr'><strong>rebus</strong></span> 
     </span>
     <span class='ocr_line' id='line_1_7' title="bbox 271 1018 1330 1108; baseline 0.005 -27"><span class='ocrx_word' id='word_1_46' title='bbox 271 1018 421 1083; x_wconf 86' lang='lat' dir='ltr'><strong>Romania</strong></span> <span class='ocrx_word' id='word_1_47' title='bbox 447 1021 644 1102; x_wconf 89' lang='lat' dir='ltr'><strong>scripserunt,</strong></span> <span class='ocrx_word' id='word_1_48' title='bbox 667 1024 843 1098; x_wconf 84' lang='lat' dir='ltr'><strong>tractarem,</strong></span> <span class='ocrx_word' id='word_1_49' title='bbox 866 1024 960 1088; x_wconf 91' lang='lat' dir='ltr'><strong>etiam</strong></span> <span class='ocrx_word' id='word_1_50' title='bbox 982 1023 1014 1086; x_wconf 92' lang='lat' dir='ltr'><strong>in</strong></span> <span class='ocrx_word' id='word_1_51' title='bbox 1031 1023 1179 1108; x_wconf 79' lang='lat' dir='ltr'><strong>Dionysio</strong></span> <span class='ocrx_word' id='word_1_52' title='bbox 1189 1023 1330 1086; x_wconf 88' lang='lat' dir='ltr'><strong>Halicar-</strong></span> 
     </span>
     <span class='ocr_line' id='line_1_8' title="bbox 267 1126 1331 1211; baseline 0.004 -23"><span class='ocrx_word' id='word_1_53' title='bbox 267 1126 409 1190; x_wconf 86' lang='lat' dir='ltr'><strong>nassenai</strong></span> <span class='ocrx_word' id='word_1_54' title='bbox 438 1126 470 1189; x_wconf 90' lang='lat' dir='ltr'><strong>et</strong></span> <span class='ocrx_word' id='word_1_55' title='bbox 493 1126 591 1191; x_wconf 92' lang='lat' dir='ltr'><strong>Dione</strong></span> <span class='ocrx_word' id='word_1_56' title='bbox 624 1126 728 1194; x_wconf 77' lang='lat' dir='ltr'><strong>Cassio</strong></span> <span class='ocrx_word' id='word_1_57' title='bbox 757 1129 903 1193; x_wconf 89' lang='lat' dir='ltr'><strong>nonnulla</strong></span> <span class='ocrx_word' id='word_1_58' title='bbox 931 1127 1094 1194; x_wconf 87' lang='lat' dir='ltr'><strong>emendari</strong></span> <span class='ocrx_word' id='word_1_59' title='bbox 1124 1129 1170 1211; x_wconf 85' lang='lat' dir='ltr'><strong>(in</strong></span> <span class='ocrx_word' id='word_1_60' title='bbox 1193 1128 1331 1210; x_wconf 82' lang='lat' dir='ltr'><strong>Appiano</strong></span> 
     </span>
     <span class='ocr_line' id='line_1_9' title="bbox 270 1230 1331 1316; baseline 0.002 -22"><span class='ocrx_word' id='word_1_61' title='bbox 270 1230 321 1294; x_wconf 85' lang='lat' dir='ltr'><strong>uix</strong></span> <span class='ocrx_word' id='word_1_62' title='bbox 342 1249 437 1294; x_wconf 91' lang='lat' dir='ltr'><strong>unum</strong></span> <span class='ocrx_word' id='word_1_63' title='bbox 461 1232 515 1295; x_wconf 88' lang='lat' dir='ltr'><strong>aut</strong></span> <span class='ocrx_word' id='word_1_64' title='bbox 537 1231 623 1309; x_wconf 84' lang='lat' dir='ltr'><strong>duo);</strong></span> <span class='ocrx_word' id='word_1_65' title='bbox 660 1233 714 1298; x_wconf 87' lang='lat' dir='ltr'><strong>sed</strong></span> <span class='ocrx_word' id='word_1_66' title='bbox 746 1251 782 1298; x_wconf 89' lang='lat' dir='ltr'><strong>ea</strong></span> <span class='ocrx_word' id='word_1_67' title='bbox 815 1235 869 1298; x_wconf 91' lang='lat' dir='ltr'><strong>aut</strong></span> <span class='ocrx_word' id='word_1_68' title='bbox 897 1233 961 1298; x_wconf 89' lang='lat' dir='ltr'><strong>iarn</strong></span> <span class='ocrx_word' id='word_1_69' title='bbox 990 1235 1142 1316; x_wconf 90' lang='lat' dir='ltr'><strong>occupata</strong></span> <span class='ocrx_word' id='word_1_70' title='bbox 1171 1236 1259 1298; x_wconf 86' lang='lat' dir='ltr'><strong>erant</strong></span> <span class='ocrx_word' id='word_1_71' title='bbox 1279 1235 1331 1297; x_wconf 87' lang='lat' dir='ltr'><strong>aut</strong></span> 
     </span>
     <span class='ocr_line' id='line_1_10' title="bbox 272 1337 1331 1422; baseline 0.001 -23"><span class='ocrx_word' id='word_1_72' title='bbox 272 1337 379 1418; x_wconf 88' lang='lat' dir='ltr'><strong>postea</strong></span> <span class='ocrx_word' id='word_1_73' title='bbox 408 1338 558 1418; x_wconf 88' lang='lat' dir='ltr'><strong>occupata</strong></span> <span class='ocrx_word' id='word_1_74' title='bbox 591 1343 664 1403; x_wconf 90' lang='lat' dir='ltr'><strong>sunt</strong></span> <span class='ocrx_word' id='word_1_75' title='bbox 693 1342 805 1422; x_wconf 86' lang='lat' dir='ltr'><strong>praeter</strong></span> <span class='ocrx_word' id='word_1_76' title='bbox 834 1337 1000 1404; x_wconf 87' lang='lat' dir='ltr'><strong>admodum</strong></span> <span class='ocrx_word' id='word_1_77' title='bbox 1028 1357 1127 1422; x_wconf 88' lang='lat' dir='ltr'><strong>pauca</strong></span> <span class='ocrx_word' id='word_1_78' title='bbox 1153 1339 1185 1400; x_wconf 89' lang='lat' dir='ltr'><strong>et</strong></span> <span class='ocrx_word' id='word_1_79' title='bbox 1214 1337 1331 1420; x_wconf 83' lang='lat' dir='ltr'><strong>exigua,</strong></span> 
     </span>
    </p>
   </div>
   <div class='ocr_carea' id='block_1_4' title="bbox 270 1441 1462 1528">
    <p class='ocr_par' dir='ltr' id='par_1_4' title="bbox 270 1441 1462 1528">
     <span class='ocr_line' id='line_1_11' title="bbox 270 1441 1462 1528; baseline 0.003 -24"><span class='ocrx_word' id='word_1_80' title='bbox 270 1459 329 1505; x_wconf 89' lang='lat' dir='ltr'><strong>uec</strong></span> <span class='ocrx_word' id='word_1_81' title='bbox 351 1442 458 1524; x_wconf 90' lang='lat' dir='ltr'><strong>postea</strong></span> <span class='ocrx_word' id='word_1_82' title='bbox 480 1441 520 1506; x_wconf 87' lang='lat' dir='ltr'><strong>ad</strong></span> <span class='ocrx_word' id='word_1_83' title='bbox 546 1445 722 1508; x_wconf 86' lang='lat' dir='ltr'><strong>continuam</strong></span> <span class='ocrx_word' id='word_1_84' title='bbox 749 1445 857 1510; x_wconf 90' lang='lat' dir='ltr'><strong>horum</strong></span> <span class='ocrx_word' id='word_1_85' title='bbox 885 1445 1068 1528; x_wconf 89' lang='lat' dir='ltr'><strong>scriptorum</strong></span> <span class='ocrx_word' id='word_1_86' title='bbox 1093 1443 1273 1517; x_wconf 89' lang='lat' dir='ltr'><strong>lectionem,</strong></span> <span class='ocrx_word' id='word_1_87' title='bbox 1305 1441 1332 1506; x_wconf 89' lang='lat' dir='ltr'><strong>si</strong></span> <span class='ocrx_word' id='word_1_88' title='bbox 1461 1517 1462 1526; x_wconf 63' lang='lat'><strong>.</strong></span> 
     </span>
    </p>
   </div>
   <div class='ocr_carea' id='block_1_5' title="bbox 270 1543 1331 1634">
    <p class='ocr_par' dir='ltr' id='par_1_5' title="bbox 270 1543 1331 1634">
     <span class='ocr_line' id='line_1_12' title="bbox 270 1543 1331 1634; baseline -0.002 -22"><span class='ocrx_word' id='word_1_89' title='bbox 270 1547 474 1612; x_wconf 85' lang='lat' dir='ltr'><strong>Plutarchum</strong></span> <span class='ocrx_word' id='word_1_90' title='bbox 497 1548 640 1632; x_wconf 74' lang='lat' dir='ltr'><strong>excipias,</strong></span> <span class='ocrx_word' id='word_1_91' title='bbox 662 1547 749 1615; x_wconf 93' lang='lat' dir='ltr'><strong>redii.</strong></span> <span class='ocrx_word' id='word_1_92' title='bbox 783 1545 926 1634; x_wconf 83' lang='lat' dir='ltr'><strong>Diodysii</strong></span> <span class='ocrx_word' id='word_1_93' title='bbox 946 1552 1051 1614; x_wconf 89' lang='lat' dir='ltr'><strong>tamen</strong></span> <span class='ocrx_word' id='word_1_94' title='bbox 1077 1547 1247 1614; x_wconf 85' lang='lat' dir='ltr'><strong>historiam</strong></span> <span class='ocrx_word' id='word_1_95' title='bbox 1267 1543 1331 1610; x_wconf 83' lang='lat' dir='ltr'><strong>Ro-</strong></span> 
     </span>
    </p>
   </div>
   <div class='ocr_carea' id='block_1_6' title="bbox 271 1635 1462 1740">
    <p class='ocr_par' dir='ltr' id='par_1_6' title="bbox 271 1635 1462 1740">
     <span class='ocr_line' id='line_1_13' title="bbox 271 1635 1462 1740; baseline -0.004 -22"><span class='ocrx_word' id='word_1_96' title='bbox 271 1671 398 1719; x_wconf 91' lang='lat' dir='ltr'><strong>manam</strong></span> <span class='ocrx_word' id='word_1_97' title='bbox 431 1673 501 1717; x_wconf 91' lang='lat' dir='ltr'><strong>cum</strong></span> <span class='ocrx_word' id='word_1_98' title='bbox 532 1653 738 1740; x_wconf 84' lang='lat' dir='ltr'><strong>Kiesshngiua</strong></span> <span class='ocrx_word' id='word_1_99' title='bbox 775 1655 892 1738; x_wconf 88' lang='lat' dir='ltr'><strong>aliquot</strong></span> <span class='ocrx_word' id='word_1_100' title='bbox 923 1655 1033 1719; x_wconf 88' lang='lat' dir='ltr'><strong>abhinc</strong></span> <span class='ocrx_word' id='word_1_101' title='bbox 1065 1671 1162 1717; x_wconf 89' lang='lat' dir='ltr'><strong>annua</strong></span> <span class='ocrx_word' id='word_1_102' title='bbox 1195 1651 1331 1715; x_wconf 87' lang='lat' dir='ltr'><strong>adhibito</strong></span> <span class='ocrx_word' id='word_1_103' title='bbox 1461 1635 1462 1648; x_wconf 46' lang='lat'>¹</span> 
     </span>
    </p>
   </div>
   <div class='ocr_carea' id='block_1_7' title="bbox 263 1756 1335 4065">
    <p class='ocr_par' dir='ltr' id='par_1_7' title="bbox 265 1756 1334 2373">
     <span class='ocr_line' id='line_1_14' title="bbox 268 1756 1331 1840; baseline -0.002 -18"><span class='ocrx_word' id='word_1_104' title='bbox 268 1758 453 1840; x_wconf 91' lang='lat' dir='ltr'><strong>optimorum</strong></span> <span class='ocrx_word' id='word_1_105' title='bbox 476 1757 614 1824; x_wconf 90' lang='lat' dir='ltr'><strong>codicum</strong></span> <span class='ocrx_word' id='word_1_106' title='bbox 636 1759 771 1824; x_wconf 88' lang='lat' dir='ltr'><strong>subsidio</strong></span> <span class='ocrx_word' id='word_1_107' title='bbox 798 1779 957 1825; x_wconf 87' lang='lat' dir='ltr'><strong>recensere</strong></span> <span class='ocrx_word' id='word_1_108' title='bbox 986 1762 1019 1824; x_wconf 91' lang='lat' dir='ltr'><strong>et</strong></span> <span class='ocrx_word' id='word_1_109' title='bbox 1054 1759 1144 1824; x_wconf 87' lang='lat' dir='ltr'><strong>edere</strong></span> <span class='ocrx_word' id='word_1_110' title='bbox 1178 1756 1331 1840; x_wconf 77' lang='lat' dir='ltr'><strong>coepisset,</strong></span> 
     </span>
     <span class='ocr_line' id='line_1_15' title="bbox 266 1863 1332 1950; baseline -0.001 -24"><span class='ocrx_word' id='word_1_111' title='bbox 266 1863 310 1938; x_wconf 90' lang='lat' dir='ltr'><strong>ut,</strong></span> <span class='ocrx_word' id='word_1_112' title='bbox 327 1865 474 1945; x_wconf 89' lang='lat' dir='ltr'><strong>quantum</strong></span> <span class='ocrx_word' id='word_1_113' title='bbox 487 1865 657 1946; x_wconf 86' lang='lat' dir='ltr'><strong>profectum</strong></span> <span class='ocrx_word' id='word_1_114' title='bbox 671 1869 762 1940; x_wconf 89' lang='lat' dir='ltr'><strong>esset,</strong></span> <span class='ocrx_word' id='word_1_115' title='bbox 777 1865 998 1950; x_wconf 72' lang='lat' dir='ltr'><strong>intellegerem,</strong></span> <span class='ocrx_word' id='word_1_116' title='bbox 1014 1867 1176 1949; x_wconf 90' lang='lat' dir='ltr'><strong>primum</strong></span> <span class='ocrx_word' id='word_1_117' title='bbox 1190 1864 1332 1927; x_wconf 91' lang='lat' dir='ltr'><strong>librum</strong></span> 
     </span>
     <span class='ocr_line' id='line_1_16' title="bbox 266 1967 1333 2052; baseline -0.002 -18"><span class='ocrx_word' id='word_1_118' title='bbox 266 1969 393 2052; x_wconf 86' lang='lat' dir='ltr'><strong>perlegi.</strong></span> <span class='ocrx_word' id='word_1_119' title='bbox 450 1969 487 2032; x_wconf 90' lang='lat' dir='ltr'><strong>Iu</strong></span> <span class='ocrx_word' id='word_1_120' title='bbox 516 1989 553 2034; x_wconf 90' lang='lat' dir='ltr'><strong>ea</strong></span> <span class='ocrx_word' id='word_1_121' title='bbox 583 1972 727 2047; x_wconf 82' lang='lat' dir='ltr'><strong>lectione,</strong></span> <span class='ocrx_word' id='word_1_122' title='bbox 761 1970 958 2036; x_wconf 89' lang='lat' dir='ltr'><strong>consideratis</strong></span> <span class='ocrx_word' id='word_1_123' title='bbox 992 1971 1130 2036; x_wconf 89' lang='lat' dir='ltr'><strong>codicum</strong></span> <span class='ocrx_word' id='word_1_124' title='bbox 1162 1967 1333 2049; x_wconf 81' lang='lat' dir='ltr'><strong>scripturis,</strong></span> 
     </span>
     <span class='ocr_line' id='line_1_17' title="bbox 270 2074 1333 2160; baseline -0.005 -18"><span class='ocrx_word' id='word_1_125' title='bbox 270 2077 410 2143; x_wconf 77' lang='lat' dir='ltr'><strong>subnata</strong></span> <span class='ocrx_word' id='word_1_126' title='bbox 434 2081 506 2143; x_wconf 92' lang='lat' dir='ltr'><strong>sunt</strong></span> <span class='ocrx_word' id='word_1_127' title='bbox 527 2077 643 2160; x_wconf 89' lang='lat' dir='ltr'><strong>aliquot</strong></span> <span class='ocrx_word' id='word_1_128' title='bbox 664 2079 797 2142; x_wconf 92' lang='lat' dir='ltr'><strong>locorum</strong></span> <span class='ocrx_word' id='word_1_129' title='bbox 820 2075 1068 2148; x_wconf 86' lang='lat' dir='ltr'><strong>emendationes,</strong></span> <span class='ocrx_word' id='word_1_130' title='bbox 1101 2091 1177 2156; x_wconf 87' lang='lat' dir='ltr'><strong>quaa</strong></span> <span class='ocrx_word' id='word_1_131' title='bbox 1200 2074 1257 2138; x_wconf 90' lang='lat' dir='ltr'><strong>hoc</strong></span> <span class='ocrx_word' id='word_1_132' title='bbox 1280 2091 1333 2138; x_wconf 86' lang='lat' dir='ltr'><strong>ox·</strong></span> 
     </span>
     <span class='ocr_line' id='line_1_18' title="bbox 267 2178 1334 2266; baseline -0.004 -19"><span class='ocrx_word' id='word_1_133' title='bbox 267 2186 365 2248; x_wconf 89' lang='lat' dir='ltr'><strong>tremo</strong></span> <span class='ocrx_word' id='word_1_134' title='bbox 393 2183 463 2249; x_wconf 64' lang='lat' dir='ltr'><strong>&#39;loco</strong></span> <span class='ocrx_word' id='word_1_135' title='bbox 496 2202 626 2266; x_wconf 89' lang='lat' dir='ltr'><strong>ponam,</strong></span> <span class='ocrx_word' id='word_1_136' title='bbox 663 2182 840 2247; x_wconf 84' lang='lat' dir='ltr'><strong>intermixta</strong></span> <span class='ocrx_word' id='word_1_137' title='bbox 874 2199 935 2245; x_wconf 89' lang='lat' dir='ltr'><strong>una</strong></span> <span class='ocrx_word' id='word_1_138' title='bbox 971 2182 1004 2244; x_wconf 90' lang='lat' dir='ltr'><strong>et</strong></span> <span class='ocrx_word' id='word_1_139' title='bbox 1036 2180 1134 2244; x_wconf 88' lang='lat' dir='ltr'><strong>altera</strong></span> <span class='ocrx_word' id='word_1_140' title='bbox 1166 2178 1334 2262; x_wconf 88' lang='lat' dir='ltr'><strong>superioris</strong></span> 
     </span>
     <span class='ocr_line' id='line_1_19' title="bbox 265 2290 422 2373; baseline -0.006 -18"><span class='ocrx_word' id='word_1_141' title='bbox 265 2290 422 2373; x_wconf 90' lang='lat' dir='ltr'><strong>temporis.</strong></span> 
     </span>
    </p>

    <p class='ocr_par' dir='ltr' id='par_1_8' title="bbox 263 2381 1335 3430">
     <span class='ocr_line' id='line_1_20' title="bbox 365 2381 1332 2480; baseline -0.008 -21"><span class='ocrx_word' id='word_1_142' title='bbox 365 2381 1332 2480; x_wconf 46' lang='lat' dir='ltr'><strong>Qfflmkfflmfflmwdffihfflfflm</strong></span> 
     </span>
     <span class='ocr_line' id='line_1_21' title="bbox 265 2490 1333 2585; baseline -0.007 -19"><span class='ocrx_word' id='word_1_143' title='bbox 265 2494 362 2566; x_wconf 80' lang='grc' dir='ltr'><em>νικόν</em></span> <span class='ocrx_word' id='word_1_144' title='bbox 384 2502 494 2584; x_wconf 79' lang='grc' dir='ltr'><em>φῦλον</em></span> <span class='ocrx_word' id='word_1_145' title='bbox 514 2491 559 2582; x_wconf 75' lang='grc' dir='ltr'><strong>ἦν</strong></span> <span class='ocrx_word' id='word_1_146' title='bbox 585 2494 623 2566; x_wconf 77' lang='grc' dir='ltr'><strong>το</strong></span> <span class='ocrx_word' id='word_1_147' title='bbox 650 2501 717 2565; x_wconf 82' lang='grc' dir='ltr'><strong>τών</strong></span> <span class='ocrx_word' id='word_1_148' title='bbox 740 2495 1004 2585; x_wconf 78' lang='grc' dir='ltr'><em>Ἀβοριγίνων.</em></span> <span class='ocrx_word' id='word_1_149' title='bbox 1029 2547 1036 2562; x_wconf 90' lang='grc'><strong>.</strong></span> <span class='ocrx_word' id='word_1_150' title='bbox 1061 2541 1081 2571; x_wconf 87' lang='grc'><strong>.,</strong></span> <span class='ocrx_word' id='word_1_151' title='bbox 1109 2496 1212 2560; x_wconf 77' lang='grc' dir='ltr'><strong>τοῦτο</strong></span> <span class='ocrx_word' id='word_1_152' title='bbox 1236 2490 1333 2580; x_wconf 71' lang='grc' dir='ltr'><em>ἔγγο-</em></span> 
     </span>
     <span class='ocr_line' id='line_1_22' title="bbox 263 2599 1334 2688; baseline -0.008 -15"><span class='ocrx_word' id='word_1_153' title='bbox 263 2629 326 2673; x_wconf 84' lang='grc' dir='ltr'><strong>νον</strong></span> <span class='ocrx_word' id='word_1_154' title='bbox 356 2601 470 2671; x_wconf 74' lang='grc' dir='ltr'><strong>αὐτῶν</strong></span> <span class='ocrx_word' id='word_1_155' title='bbox 497 2607 564 2670; x_wconf 70' lang='grc' dir='ltr'><strong>τοῖν</strong></span> <span class='ocrx_word' id='word_1_156' title='bbox 588 2599 772 2688; x_wconf 76' lang='grc' dir='ltr'><strong>Οἰνώτρων</strong></span> <span class='ocrx_word' id='word_1_157' title='bbox 801 2606 985 2687; x_wconf 75' lang='grc' dir='ltr'><em>πείθομαι.</em></span> <span class='ocrx_word' id='word_1_158' title='bbox 1032 2601 1083 2667; x_wconf 84' lang='lat' dir='ltr'><strong>Sic</strong></span> <span class='ocrx_word' id='word_1_159' title='bbox 1116 2601 1212 2666; x_wconf 77' lang='lat' dir='ltr'><strong>codex</strong></span> <span class='ocrx_word' id='word_1_160' title='bbox 1234 2600 1334 2665; x_wconf 84' lang='lat' dir='ltr'><strong>Urbi-</strong></span> 
     </span>
     <span class='ocr_line' id='line_1_23' title="bbox 265 2701 1333 2796; baseline -0.007 -20"><span class='ocrx_word' id='word_1_161' title='bbox 265 2732 337 2788; x_wconf 87' lang='lat' dir='ltr'><strong>nas;</strong></span> <span class='ocrx_word' id='word_1_162' title='bbox 374 2711 494 2796; x_wconf 83' lang='lat' dir='ltr'><strong>reliqui,</strong></span> <span class='ocrx_word' id='word_1_163' title='bbox 530 2711 626 2776; x_wconf 89' lang='lat' dir='ltr'><strong>etiam</strong></span> <span class='ocrx_word' id='word_1_164' title='bbox 646 2710 820 2787; x_wconf 82' lang='lat' dir='ltr'><strong>Chisianus,</strong></span> <span class='ocrx_word' id='word_1_165' title='bbox 854 2710 984 2775; x_wconf 89' lang='lat' dir='ltr'><strong>hahent:</strong></span> <span class='ocrx_word' id='word_1_166' title='bbox 1021 2701 1151 2773; x_wconf 80' lang='grc' dir='ltr'><strong>τούτων</strong></span> <span class='ocrx_word' id='word_1_167' title='bbox 1188 2715 1333 2792; x_wconf 78' lang='grc' dir='ltr'><em>ἔγγονον</em></span> 
     </span>
     <span class='ocr_line' id='line_1_24' title="bbox 266 2811 1333 2900; baseline -0.007 -18"><span class='ocrx_word' id='word_1_168' title='bbox 266 2811 650 2900; x_wconf 60' lang='grc' dir='ltr'><strong>αὐαίτώνίΉνώηωο</strong></span> <span class='ocrx_word' id='word_1_169' title='bbox 674 2818 856 2898; x_wconf 57' lang='lat' dir='ltr'><strong>andegan</strong></span> <span class='ocrx_word' id='word_1_170' title='bbox 913 2812 1333 2897; x_wconf 58' lang='lat' dir='ltr'><strong>Vstmulmmmcthlmm-</strong></span> 
     </span>
     <span class='ocr_line' id='line_1_25' title="bbox 265 2911 1331 3008; baseline -0.008 -18"><span class='ocrx_word' id='word_1_171' title='bbox 265 2921 420 3008; x_wconf 77' lang='grc' dir='ltr'><strong>θόμονοτ</strong></span> <span class='ocrx_word' id='word_1_172' title='bbox 453 2974 461 2989; x_wconf 92' lang='grc'>.</span> <span class='ocrx_word' id='word_1_173' title='bbox 495 2973 502 2989; x_wconf 92' lang='grc'><strong><em>.</em></strong></span> <span class='ocrx_word' id='word_1_174' title='bbox 537 2969 544 2984; x_wconf 87' lang='grc'><strong>.</strong></span> <span class='ocrx_word' id='word_1_175' title='bbox 580 2924 754 3006; x_wconf 74' lang='grc' dir='ltr'><strong>πείθομαι</strong></span> <span class='ocrx_word' id='word_1_176' title='bbox 789 2924 822 2986; x_wconf 84' lang='lat' dir='ltr'><strong>ct</strong></span> <span class='ocrx_word' id='word_1_177' title='bbox 857 2921 1028 3005; x_wconf 76' lang='grc' dir='ltr'><strong>πείθομαι</strong></span> <span class='ocrx_word' id='word_1_178' title='bbox 1066 2929 1207 3004; x_wconf 76' lang='grc' dir='ltr'><em>ἔγγονον</em></span> <span class='ocrx_word' id='word_1_179' title='bbox 1246 2911 1331 2983; x_wconf 68' lang='grc' dir='ltr'><em>αὐτ-τ’</em></span> 
     </span>
     <span class='ocr_line' id='line_1_26' title="bbox 264 3023 1334 3112; baseline -0.005 -17"><span class='ocrx_word' id='word_1_180' title='bbox 264 3034 318 3096; x_wconf 89' lang='lat' dir='ltr'><strong>aut</strong></span> <span class='ocrx_word' id='word_1_181' title='bbox 339 3031 453 3095; x_wconf 83' lang='grc' dir='ltr'><strong>τοῦτο.</strong></span> <span class='ocrx_word' id='word_1_182' title='bbox 498 3027 609 3112; x_wconf 88' lang='lat' dir='ltr'><strong>ltaque</strong></span> <span class='ocrx_word' id='word_1_183' title='bbox 631 3027 776 3092; x_wconf 83' lang='lat' dir='ltr'><strong>Reislrins</strong></span> <span class='ocrx_word' id='word_1_184' title='bbox 798 3030 952 3111; x_wconf 72' lang='lat' dir='ltr'><strong>elcanae.</strong></span> <span class='ocrx_word' id='word_1_185' title='bbox 997 3025 1059 3090; x_wconf 89' lang='lat' dir='ltr'><strong>Sed</strong></span> <span class='ocrx_word' id='word_1_186' title='bbox 1081 3023 1199 3089; x_wconf 86' lang='lat' dir='ltr'><strong>residet</strong></span> <span class='ocrx_word' id='word_1_187' title='bbox 1219 3025 1334 3090; x_wconf 80' lang='lat' dir='ltr'><strong>uitium</strong></span> 
     </span>
     <span class='ocr_line' id='line_1_27' title="bbox 263 3125 1334 3216; baseline -0.005 -15"><span class='ocrx_word' id='word_1_188' title='bbox 263 3137 296 3201; x_wconf 92' lang='lat' dir='ltr'><strong>in</strong></span> <span class='ocrx_word' id='word_1_189' title='bbox 320 3137 421 3202; x_wconf 78' lang='grc' dir='ltr'><strong>τοῦτο</strong></span> <span class='ocrx_word' id='word_1_190' title='bbox 445 3153 505 3200; x_wconf 94' lang='lat' dir='ltr'><strong>uon</strong></span> <span class='ocrx_word' id='word_1_191' title='bbox 526 3135 629 3198; x_wconf 84' lang='lat' dir='ltr'><strong>minus</strong></span> <span class='ocrx_word' id='word_1_192' title='bbox 652 3151 744 3216; x_wconf 89' lang='lat' dir='ltr'><strong>quam</strong></span> <span class='ocrx_word' id='word_1_193' title='bbox 758 3133 790 3196; x_wconf 93' lang='lat' dir='ltr'><strong>iu</strong></span> <span class='ocrx_word' id='word_1_194' title='bbox 806 3125 945 3210; x_wconf 57' lang='lat' dir='ltr'><strong>nodeca</strong></span> <span class='ocrx_word' id='word_1_195' title='bbox 960 3133 993 3196; x_wconf 92' lang='lat' dir='ltr'><strong>in</strong></span> <span class='ocrx_word' id='word_1_196' title='bbox 1004 3129 1162 3196; x_wconf 85' lang='lat' dir='ltr'><strong>Urbinatis</strong></span> <span class='ocrx_word' id='word_1_197' title='bbox 1177 3131 1334 3213; x_wconf 83' lang='lat' dir='ltr'><strong>scriptura</strong></span> 
     </span>
     <span class='ocr_line' id='line_1_28' title="bbox 265 3231 1335 3324; baseline -0.006 -16"><span class='ocrx_word' id='word_1_198' title='bbox 265 3242 359 3308; x_wconf 82' lang='lat' dir='ltr'><strong>ctiam</strong></span> <span class='ocrx_word' id='word_1_199' title='bbox 381 3241 413 3306; x_wconf 90' lang='lat' dir='ltr'><strong>in</strong></span> <span class='ocrx_word' id='word_1_200' title='bbox 435 3234 560 3307; x_wconf 73' lang='grc' dir='ltr'><strong>αὐτῶν.</strong></span> <span class='ocrx_word' id='word_1_201' title='bbox 594 3238 813 3305; x_wconf 85' lang='lat' dir='ltr'><strong>Scriheudum:</strong></span> <span class='ocrx_word' id='word_1_202' title='bbox 836 3233 968 3304; x_wconf 78' lang='grc' dir='ltr'><em>τάττω</em></span> <span class='ocrx_word' id='word_1_203' title='bbox 992 3245 1134 3324; x_wconf 83' lang='grc' dir='ltr'><em>ἔγγονον</em></span> <span class='ocrx_word' id='word_1_204' title='bbox 1155 3231 1241 3302; x_wconf 75' lang='grc' dir='ltr'><strong>αὐτο</strong></span> <span class='ocrx_word' id='word_1_205' title='bbox 1263 3237 1335 3302; x_wconf 69' lang='grc' dir='ltr'><strong>τοῖν</strong></span> 
     </span>
     <span class='ocr_line' id='line_1_29' title="bbox 269 3338 1240 3430; baseline -0.01 -15"><span class='ocrx_word' id='word_1_206' title='bbox 269 3343 463 3430; x_wconf 80' lang='grc' dir='ltr'><em>Οἰνώτρων.</em></span> <span class='ocrx_word' id='word_1_207' title='bbox 509 3345 658 3429; x_wconf 85' lang='lat' dir='ltr'><strong>Corrupto</strong></span> <span class='ocrx_word' id='word_1_208' title='bbox 681 3338 801 3418; x_wconf 75' lang='lat' dir='ltr'><strong>adano,</strong></span> <span class='ocrx_word' id='word_1_209' title='bbox 822 3343 962 3408; x_wconf 90' lang='lat' dir='ltr'><strong>additum</strong></span> <span class='ocrx_word' id='word_1_210' title='bbox 985 3345 1035 3408; x_wconf 88' lang='lat' dir='ltr'><strong>est</strong></span> <span class='ocrx_word' id='word_1_211' title='bbox 1056 3345 1240 3427; x_wconf 72' lang='grc' dir='ltr'><strong>πείθομαι.</strong></span> 
     </span>
    </p>

    <p class='ocr_par' dir='ltr' id='par_1_9' title="bbox 263 3442 1334 3949">
     <span class='ocr_line' id='line_1_30' title="bbox 365 3442 1334 3536; baseline -0.006 -18"><span class='ocrx_word' id='word_1_212' title='bbox 365 3452 398 3518; x_wconf 82' lang='lat' dir='ltr'><strong>O.</strong></span> <span class='ocrx_word' id='word_1_213' title='bbox 427 3453 464 3514; x_wconf 81' lang='lat'><strong>18</strong></span> <span class='ocrx_word' id='word_1_214' title='bbox 487 3471 548 3518; x_wconf 91' lang='lat' dir='ltr'><strong>nou</strong></span> <span class='ocrx_word' id='word_1_215' title='bbox 571 3451 751 3516; x_wconf 90' lang='lat' dir='ltr'><strong>mutandum</strong></span> <span class='ocrx_word' id='word_1_216' title='bbox 776 3452 842 3516; x_wconf 88' lang='lat' dir='ltr'><strong>erat</strong></span> <span class='ocrx_word' id='word_1_217' title='bbox 863 3449 1071 3515; x_wconf 90' lang='lat' dir='ltr'><strong>Herodoteum</strong></span> <span class='ocrx_word' id='word_1_218' title='bbox 1092 3442 1200 3516; x_wconf 78' lang='grc' dir='ltr'><em>αὐτοῦ</em></span> <span class='ocrx_word' id='word_1_219' title='bbox 1222 3445 1334 3536; x_wconf 78' lang='grc' dir='ltr'><em>ταύτῃ</em></span> 
     </span>
     <span class='ocr_line' id='line_1_31' title="bbox 266 3549 1333 3644; baseline 0 -26"><span class='ocrx_word' id='word_1_220' title='bbox 266 3558 348 3642; x_wconf 67' lang='lat' dir='ltr'><strong>(iprae</strong></span> <span class='ocrx_word' id='word_1_221' title='bbox 372 3555 526 3635; x_wconf 77' lang='lat' dir='ltr'><strong>hocloco)</strong></span> <span class='ocrx_word' id='word_1_222' title='bbox 554 3557 586 3620; x_wconf 93' lang='lat' dir='ltr'><strong>in</strong></span> <span class='ocrx_word' id='word_1_223' title='bbox 614 3557 677 3622; x_wconf 88' lang='lat' dir='ltr'><strong>his:</strong></span> <span class='ocrx_word' id='word_1_224' title='bbox 709 3558 794 3628; x_wconf 73' lang='grc' dir='ltr'><strong>ναίς</strong></span> <span class='ocrx_word' id='word_1_225' title='bbox 815 3561 881 3640; x_wconf 76' lang='grc' dir='ltr'><strong>μὲν</strong></span> <span class='ocrx_word' id='word_1_226' title='bbox 910 3549 1021 3620; x_wconf 79' lang='grc' dir='ltr'><em>αὐτοῦ</em></span> <span class='ocrx_word' id='word_1_227' title='bbox 1043 3550 1151 3644; x_wconf 75' lang='grc' dir='ltr'><em>ταύτῃ</em></span> <span class='ocrx_word' id='word_1_228' title='bbox 1174 3557 1333 3621; x_wconf 78' lang='grc' dir='ltr'><em>καταλεί-</em></span> 
     </span>
     <span class='ocr_line' id='line_1_32' title="bbox 265 3655 1334 3747; baseline -0.005 -17"><span class='ocrx_word' id='word_1_229' title='bbox 265 3687 379 3742; x_wconf 84' lang='grc' dir='ltr'><strong>τιοοοι,</strong></span> <span class='ocrx_word' id='word_1_230' title='bbox 405 3664 460 3730; x_wconf 91' lang='lat' dir='ltr'><strong>sed</strong></span> <span class='ocrx_word' id='word_1_231' title='bbox 481 3663 572 3747; x_wconf 90' lang='lat' dir='ltr'><strong>paulo</strong></span> <span class='ocrx_word' id='word_1_232' title='bbox 594 3665 675 3745; x_wconf 81' lang='lat' dir='ltr'><strong>post.</strong></span> <span class='ocrx_word' id='word_1_233' title='bbox 696 3664 750 3728; x_wconf 91' lang='lat' dir='ltr'><strong>ubi</strong></span> <span class='ocrx_word' id='word_1_234' title='bbox 773 3663 889 3728; x_wconf 91' lang='lat' dir='ltr'><strong>editur:</strong></span> <span class='ocrx_word' id='word_1_235' title='bbox 919 3656 1075 3745; x_wconf 71' lang='grc' dir='ltr'><strong>φυλακήν</strong></span> <span class='ocrx_word' id='word_1_236' title='bbox 1098 3655 1204 3730; x_wconf 76' lang='grc' dir='ltr'><strong>αὐτοι·</strong></span> <span class='ocrx_word' id='word_1_237' title='bbox 1229 3687 1334 3727; x_wconf 82' lang='grc' dir='ltr'><em>κατα-</em></span> 
     </span>
     <span class='ocr_line' id='line_1_33' title="bbox 266 3761 1334 3854; baseline -0.002 -19"><span class='ocrx_word' id='word_1_238' title='bbox 266 3765 461 3854; x_wconf 74' lang='grc' dir='ltr'><strong>στήσαντες,</strong></span> <span class='ocrx_word' id='word_1_239' title='bbox 495 3787 512 3834; x_wconf 89' lang='lat' dir='ltr'><strong>e</strong></span> <span class='ocrx_word' id='word_1_240' title='bbox 538 3767 680 3835; x_wconf 77' lang='lat' dir='ltr'><strong>Chisiano</strong></span> <span class='ocrx_word' id='word_1_241' title='bbox 713 3762 780 3840; x_wconf 74' lang='grc' dir='ltr'><strong>(ἐπ’</strong></span> <span class='ocrx_word' id='word_1_242' title='bbox 806 3761 945 3846; x_wconf 75' lang='grc' dir='ltr'><em>ον’τούς)</em></span> <span class='ocrx_word' id='word_1_243' title='bbox 981 3770 1177 3835; x_wconf 84' lang='lat' dir='ltr'><strong>scribendum</strong></span> <span class='ocrx_word' id='word_1_244' title='bbox 1209 3769 1334 3834; x_wconf 83' lang='lat' dir='ltr'><strong>videtur</strong></span> 
     </span>
     <span class='ocr_line' id='line_1_34' title="bbox 263 3869 499 3949; baseline -0.017 -7"><span class='ocrx_word' id='word_1_245' title='bbox 263 3869 499 3949; x_wconf 58' lang='lat' dir='ltr'><strong>ln’adoaoe</strong></span> 
     </span>
    </p>

    <p class='ocr_par' dir='ltr' id='par_1_10' title="bbox 370 3979 1334 4065">
     <span class='ocr_line' id='line_1_35' title="bbox 370 3979 1334 4065; baseline -0.002 -17"><span class='ocrx_word' id='word_1_246' title='bbox 370 3979 404 4048; x_wconf 85' lang='lat' dir='ltr'><strong>C.</strong></span> <span class='ocrx_word' id='word_1_247' title='bbox 427 3981 466 4043; x_wconf 74' lang='lat'><strong>25</strong></span> <span class='ocrx_word' id='word_1_248' title='bbox 497 3979 673 4064; x_wconf 75' lang='lat' dir='ltr'><strong>prestigiis</strong></span> <span class='ocrx_word' id='word_1_249' title='bbox 695 3981 854 4046; x_wconf 89' lang='lat' dir='ltr'><strong>amborum</strong></span> <span class='ocrx_word' id='word_1_250' title='bbox 876 3981 1069 4065; x_wconf 86' lang='lat' dir='ltr'><strong>antiquorum</strong></span> <span class='ocrx_word' id='word_1_251' title='bbox 1092 3980 1232 4046; x_wconf 87' lang='lat' dir='ltr'><strong>codicum</strong></span> <span class='ocrx_word' id='word_1_252' title='bbox 1252 3982 1334 4048; x_wconf 90' lang='lat' dir='ltr'><strong>scri·</strong></span> 
     </span>
    </p>
   </div>
   <div class='ocr_carea' id='block_1_8' title="bbox 0 0 1476 4676">
    <p class='ocr_par' dir='ltr' id='par_1_11' title="bbox 0 0 1476 4676">
     <span class='ocr_line' id='line_1_36' title="bbox 0 0 1476 4676; baseline 0 0"><span class='ocrx_word' id='word_1_253' title='bbox 0 0 1476 4676; x_wconf 95' lang='lat' dir='ltr'><strong> </strong></span> 
     </span>
    </p>
   </div>
  </div>
 </body>
</html>
