2954 4664
279 299 337 360 176
714 299 773 356 Lib.
793 301 817 356 1.

232 492 265 556 in
289 494 348 558 hac
370 513 462 560 causa
483 495 614 565 citatum
635 498 709 562 olim
730 517 749 562 a
771 499 805 568 L.
827 496 985 562 Dindorfio
1007 496 1105 572 video,
1135 493 1296 562 Plutarchi

199 590 200 596 ἵ
232 598 446 672 inmcibiad.
483 619 508 665 e.
533 601 572 664 31
606 602 709 668 loeus:
751 597 822 676 Ὦς
859 591 922 668 οὖν
956 601 1196 668 ἐπανελθόντα
1233 597 1296 668 τόν

233 698 492 790 Αλαιβιόδηνι
474 732 491 771 ο
509 701 785 793 ΦαρνόβαζοςἝ
745 734 765 774 ν
787 708 841 774 ιὀα
863 710 918 774 uui
941 702 1048 774 αὐτόν
1069 705 1193 792 ὀμόσαι
1216 710 1294 793 aspi

233 811 301 876 ταῖν
323 805 606 908 αόνολογημενων,
630 808 726 880 cria
715 822 779 897 ἔφη
801 809 969 899 πρότερον
989 809 1012 898 ἢ
1032 820 1161 880 ἔκανον
1178 827 1296 886 cusum

234 909 375 1001 ὀμόσαι,
403 917 439 984 in
468 937 526 1000 quo
555 915 732 984 alternm’
714 911 838 1005 ομόααι
876 919 1046 984 tollendum
1075 922 1235 1002 puto,ut
1198 896 1296 986 utad

234 1016 296 1089 οὐκ
319 1030 387 1106 ἔφη
404 1044 573 1108 πρότερον
595 1050 616 1110 η
646 1032 776 1090 ἐκεῖνον
800 1018 915 1096 αὐτοῖς
937 1045 973 1090 ex
994 1025 1149 1106 superiore
1169 1019 1295 1109 ὀμόσαι

233 1129 376 1196 audiatur
396 1131 525 1196 verbum
546 1132 606 1196 elio
627 1133 765 1214 tempore
788 1123 989 1214 (ὀμεῖσθαι).

332 1216 431 1302 Venio
454 1236 495 1300 ad
523 1256 591 1316 aas,
621 1257 696 1321 quas
724 1237 835 1320 saepius
865 1236 1053 1321 significavi,
1083 1237 1240 1302 cautiones
1265 1238 1297 1302 et

233 1341 438 1424 exceptionem
460 1361 534 1406 nam
555 1361 654 1424 pauca
676 1343 816 1426 quaedam
839 1344 870 1406 et
892 1344 977 1408 certa
996 1342 1091 1407 verbe
1110 1342 1297 1408 locutiones-

232 1465 290 1528 que
311 1447 465 1512 communi
484 1447 531 1512 illi
552 1449 769 1534 significationi
789 1449 896 1514 vicinae
917 1449 1022 1512 tamen
1046 1448 1170 1529 propter
1191 1448 1296 1531 singu-

231 1551 329 1618 larem
352 1553 505 1636 quandam
527 1555 659 1620 notionis
687 1559 720 1620 et
745 1574 819 1620 usus
846 1553 1065 1637 proprietatem
1090 1555 1146 1618 aut
1172 1547 1295 1632 omnino

231 1658 341 1741 regula
366 1657 475 1744 eadem
503 1678 565 1724 non
597 1662 792 1726 continentur
824 1662 878 1726 aut
905 1659 1042 1748 aliquam
1067 1657 1295 1734 ,dubitationem
1354 1737 1356 1740 ,

231 1764 357 1834 habent,
393 1765 440 1832 Ac
461 1764 596 1847 primum
618 1785 741 1846 prorsus
763 1766 968 1850 separandum
989 1765 1039 1830 est
1052 1763 1138 1850 χρῆν
1155 1765 1295 1839 verbum,

232 1868 311 1949 quod
333 1869 371 1932 de
395 1869 520 1934 deorum
541 1873 792 1964 oraculorumque
819 1870 1069 1954 praedictionibus
1094 1869 1302 1951 imponitur„

231 1974 267 2038 ut
283 1994 306 2038 a
331 1975 457 2040 iubendi
483 1977 515 2040 et
542 1977 737 2059 praecipiendi
762 1978 886 2042 notione
914 1977 945 2040 et
976 1969 1197 2057 significatione
1225 1994 1296 2057 pro.-

232 2186 483 2260 constituere
511 2189 553 2252 ut
578 2187 729 2272 equurd
755 2186 838 2251 fiat.
895 2187 932 2252 Id
959 2187 1005 2252 ita
1032 2205 1114 2260 esse,
1143 2205 1204 2250 non
1232 2203 1294 2252 uno

233 2309 288 2354 neo
314 2291 410 2362 dubio
438 2293 593 2374 exemplo
624 2293 679 2358 sed
707 2293 887 2358 certissimis
914 2291 1120 2370 monstratur,
1159 2291 1317 2374 primunr

232 2395 401 2462 Herodoti
392 2417 424 2462 ln
439 2397 518 2464 libro
538 2399 607 2472 VH,
632 2398 708 2461 220:
733 2400 905 2484 ἐκέχρηστο
927 2422 992 2484 γαρ
1015 2411 1101 2462 τοῖσι
1119 2383 1361 2483 Sarapani-

142 2140 144 2144 .
230 2080 347 2144 fectum
369 2099 495 2164 eamque
517 2083 651 2148 retinens
674 2083 821 2147 aoristum
845 2081 1010 2156 adsciscat·
1034 2079 1084 2146 est
1107 2081 1188 2145 enirn
1212 2081 1297 2146 fato
1361 2091 1372 2108 ·

232 2527 345 2589 αῃαι.
440 2497 787 2587 dAuaeduepeoo'
764 2503 957 2570 coutentes
985 2507 1216 2589 γενεσθαι..
1239 2495 1294 2588 ..ἢ
1356 2551 1359 2558 .

232 2602 292 2674 τόν
318 2540 460 2692 βαόιλεό
486 2615 595 2696 σφέων
617 2604 810 2678 αἷπολὲσθαι
846 2611 911 2689 (ubi
937 2609 1072 2693 pessime
1094 2609 1228 2674 Steiuius
1257 2622 1317 2676 ex*

231 2732 291 2778 nno
311 2715 426 2781 nullius
453 2717 646 2784 auctoritatis
672 2715 751 2784 libro
779 2739 833 2803 pro
862 2719 1043 2804 γενέσθαι,
1073 2714 1154 2797 quod
1173 2715 1294 2792 librarii

231 2837 290 2884 non
310 2823 377 2886 tam
399 2823 489 2887 facile
512 2824 676 2888 attrectare
697 2825 854 2906 poterant,
879 2829 1019 2888 ἔσεσθαι
1041 2821 1158 2904 posuit,
1182 2819 1292 2886 deinde

231 2921 766 3010 enpaulopluribusc'nots'scdcr),
785 2927 970 3012 Thucydidis
984 2928 1041 3004 ΠΙ,
1064 2927 1119 2990 96;
1142 2929 1293 3012 χρησθὲν

211 3023 380 3115 'adsuitur
404 3037 524 3120 Νεμέᾳ
553 3036 827 3110 scotomaticus,
862 3031 1081 3115 Aristophanis
1103 3051 1186 3114 vesp.
1211 3031 1298 3092 1602'

229 3130 401 3322 όθαόςα
388 3137 599 3227 μοῦχρησεν,
640 3137 723 3206 ὅταν
752 3165 802 3214 τις
835 3135 1010 3226 ἐαφύγῃν
1010 3165 1044 3214 ν,
1074 3130 1288 3222 οἷποσκλῆναι

229 3239 347 3322 co'ce1).
385 3245 575 3329 Quodque
566 3267 599 3312 1n
627 3248 730 3314 verbo
750 3246 875 3320 accidit,
913 3243 1035 3310 idem
1026 3263 1059 3310 1n
1087 3242 1291 3310 substantivis

228 3379 426 3399 -ι-...ὼ-ι-ι-

298 3453 517 3536 Ἀᾡεαόίαῃόᾷ
542 3458 652 3525 ἑαυτοῖς
671 3501 731 3526 ...,
754 3461 838 3515 πόλιν
857 3458 987 3530 ἰσχυροὺς
1005 3457 1188 3528 sensisseeos„
1218 3454 1291 3531 Nam

297 3539 532 3626 ideinhepessario
550 3553 578 3606 in
597 3554 710 3624 utroque
727 3553 846 3608 membro
863 3552 965 3621 requiri
983 3553 1104 3620 tempus,
1127 3549 1182 3602 iam
1201 3548 1292 3602 Schae·

295 3633 470 3707 ierns³vidit3
494 3645 644 3713 requiritur
665 3648 756 3700 antem
780 3645 927 3699 certissime
944 3643 1068 3697 futurum
1085 3641 1119 3696 de
1136 3643 1233 3694 eventu
1250 3641 1291 3694 rei

300 3735 454 3788 etiamnunc
483 3735 592 3792 future.
642 3738 695 3792 Sed
727 3727 877 3792 tetidriiiom
908 3753 1015 3806 prorsus
1047 3736 1090 3790 est
1118 3733 1205 3804 priore
1231 3733 1290 3786 loco

293 3829 426 3894 γενέσθαι
442 3829 513 3883 mele
530 3829 729 3898 interpositum,
747 3831 781 3881 nt
790 3828 958 3898 γενήσεσθαι
969 3831 1087 3884 extremo
1102 3827 1160 3882 loco
1169 3826 1290 3895 positum

298 3922 326 3972 et
343 3914 378 3972 ad
395 3917 527 3983 ἀσθενεῖς
550 3923 578 3974 et
596 3921 631 3976 ad
650 3905 882 3992 πόλινᾷἰαχαᾷοὸς
900 3919 1044 3989 pertineat.

256 4009 281 4076 ²)
298 4014 434 4066 Futurum
452 4012 523 4080 apud
545 3997 615 4082 2qu
642 4014 749 4068 omnino
773 4027 826 4067 non
843 4012 955 4066 memini
976 3996 1080 4080 legem
1109 4007 1157 4062 nbi
1181 4007 1289 4076 simpli-

295 4105 363 4158 citer
381 4105 423 4156 est
436 4103 551 4168 iubeo,
571 4107 603 4158 nt
621 4107 716 4170 cetera,
735 4108 763 4160 et
780 4121 895 4176 presens
906 4103 990 4159 hebet
1001 4104 1030 4157 et
1041 4101 1169 4156 sonetum
1189 4099 1289 4165 (Thus.

1341 4242 1355 4274 0
