3000 4668
651 319 713 375 nn.
731 319 784 376 m.
1116 397 1119 402 .
1149 321 1208 384 347

187 539 258 584 cnm
278 517 448 603 sagittariis
469 519 504 582 et
522 517 646 600 quidem
664 519 863 602 plerisque
889 522 1121 604 commeantum
1147 525 1253 588 contra

176 619 832 708 ‘prevecmiccuncuroraccrumsagittarii
853 645 923 691 cnm
937 627 1066 693 Rhodiis
1088 628 1253 694 coniuncti.

187 729 318 795 Accedit
350 727 462 793 codicis
503 727 526 792 C
558 728 723 806 indicium,
755 731 787 794 in
820 751 880 814 qne
917 734 1085 800 πλείστων
1117 734 1254 798 secunda

189 837 314 900 demum
347 851 457 898 manua
494 833 623 900 addidit.
679 835 880 901 Scribcndum
915 837 954 902 ad
988 839 1067 904 hanc
1099 839 1248 902 formam:

188 936 403 1026 μακρότερον
414 933 479 1025 χόρ
492 946 573 1006 οἵτε
584 932 716 1006 Ῥόδιοι
733 942 803 1006 τόν
815 943 959 1026 ,Περσῶν
971 938 1185 1029 ἐσφενδόνων
1197 947 1252 1010 καὶ

190 1050 261 1114 τόν·
279 1039 425 1123 τοξοτῶν
446 1051 485 1114 oi
507 1047 672 1130 Κρῆτες
694 1041 895 1122 ἐτόξευον.
944 1052 974 1114 Α
995 1052 1142 1126 τοξοτῶν
1164 1051 1255 1116 aber.-

189 1154 271 1218 ravit
295 1153 399 1218 oculus
427 1152 467 1216 ad
489 1150 657 1228 ἐτόξευον,
692 1153 780 1235 quasi
807 1153 840 1218 id
869 1155 932 1220 iam
955 1155 1140 1240 scripsisset.
1165 1157 1257 1220 .Iam

189 1263 272 1325 recte
294 1241 356 1324 alia
376 1258 414 1322 do
436 1257 604 1337 sagittaria
628 1257 865 1342 subiunguntur.

290 1364 356 1430 [bd.
378 1365 409 1441 4,
432 1363 489 1426 21:
516 1351 623 1430 Οὸτοι
647 1363 681 1428 δὲ
703 1358 944 1450 πορευόμενοι,
968 1362 1072 1432 ὁπότε
1095 1369 1255 1450 μόνουμ-

192 1464 314 1536 ιιὸπτσι
340 1467 382 1534 τό
410 1472 546 1552 κέρατα,
576 1464 752 1553 ὑπέμενον
784 1466 932 1555 ὕστεροι,
961 1470 1046 1538 ὥστε
1074 1466 1126 1556 μή
1160 1477 1254 1556 ἐνοχ-

191 1577 263 1641 λεῖν
283 1587 356 1647 τοῖς
378 1578 503 1659 κέρασι,
525 1568 602 1641 τότε
625 1575 660 1641 db
682 1577 841 1664 παρῆγον
855 1583 984 1654 ἔξωθεν
999 1581 1067 1645 τῶν
1089 1563 1274 1662 nandans*

191 1674 295 1748 ὁπότε
319 1681 353 1748 dt
377 1672 546 1766 διάσχοιεν
567 1685 602 1746 αἱ
624 1683 770 1765 πλευραὶ
791 1685 858 1749 τοῦ
881 1685 1054 1759 πλαισίου,
1083 1678 1120 1748 τό
1149 1685 1255 1765 μέσον

192 1783 237 1854 όν
261 1788 521 1872 ἐξεπίμπλασαν
543 1811 572 1852 ιι.
594 1813 624 1852 τ.
648 1789 679 1853 λ.
725 1789 868 1854 Primum
890 1789 1086 1855 scribendum
1108 1778 1202 1856 οὗτοι
1227 1781 1257 1853 d'

193 1891 576 1984 ἐπιπορευόμενοι,
618 1895 651 1960 in
687 1913 746 1979 quo
786 1895 877 1962 cardo
917 1896 961 1960 rei
993 1896 1140 1969 vertitun
1182 1895 1256 1962 nam

168 2045 172 2060 .
193 1993 399 2086 ἐπορεύοντο
424 2018 545 2076 omnes;
567 1997 679 2064 deinde
698 2001 887 2084 respondent
905 2003 987 2067 inter
1006 2021 1041 2067 se
1062 1986 1171 2068 ὁπότε
1190 2004 1257 2086 μὲν

191 2099 378 2195 συγκύπτοι
400 2109 432 2172 et
461 2098 566 2172 ὁπότε
603 2105 637 2172 δὲ
669 2099 851 2193 διάσχοιεν,
883 2109 964 2173 inter
997 2125 1064 2191 quae
1094 2107 1172 2172 nihil
1192 2105 1258 2188 apti

193 2215 252 2280 loci
279 2214 374 2280 habet
399 2205 475 2277 τότε
499 2212 543 2277 δέ.
589 2211 685 2277 Recte
714 2213 810 2296 igitur¹
831 2212 950 2277 codices
982 2213 1142 2278 meliores:
1176 2206 1258 2284 τοόε

195 2321 239 2386 δι’.
292 2319 326 2385 si
358 2317 584 2403 convergebant
618 2334 748 2395 cornua,
786 2319 986 2390 remanebant
1019 2317 1165 2406 cobortes,
1194 2317 1257 2381 iilos

193 2425 393 2502 subsidiariae,
429 2425 549 2508 partem
571 2423 666 2488 stiam
699 2443 823 2488 suornm
856 2423 943 2489 extra
977 2424 1076 2489 latera
1108 2441 1256 2488 cornuum

194 2531 445 2616 convergcntium
472 2527 639 2593 mittebant
669 2529 794 2606 (liessen
827 2531 916 2595 einen
945 2529 1032 2594 Tbeil
1064 2528 1118 2591 der
1144 2528 1259 2592 Mann-

194 2637 293 2704 sonat
318 2635 497 2702 ausserhalb
524 2633 578 2698 der
608 2633 825 2716 Flankondes
848 2633 956 2698 Canes
988 2653 1027 2698 an
1049 2635 1150 2700 seiner
1173 2632 1258 2698 Seite

192 2741 437 2824 marcebiren).¹)
895 2797 900 2804 .

292 2847 366 2912 Lib.
380 2847 434 2926 IV,
454 2847 484 2922 5,
505 2848 542 2911 8:
565 2846 788 2930 παρατρέχειν
809 2844 877 2909 τινί
895 2844 972 2910 nihil
993 2845 1056 2920 cst3
1078 2861 1134 2906 nec
1155 2843 1259 2908 minus

193 2954 349 3036 ineptum,
375 2949 404 3018 si
434 2951 574 3018 absolute
601 2939 767 3034 accipitur,
794 2951 1111 3033 praetercurrere.
1159 2948 1262 3014 Valde

192 3077 307 3136 vercor,
329 3077 369 3122 ne
391 3059 459 3141 quis
491 3057 550 3122 hoc
582 3055 750 3131 addiden't,
775 3049 1001 3120 succurrere
1024 3055 1121 3137 accipi
1143 3054 1257 3119 volens.

193 3163 323 3229 Dativus
344 3149 459 3247 pendet
481 3183 499 3228 a
521 3155 722 3242 dedc'vcoc.⁹)

284 3269 352 3335 lbd.
375 3269 393 3352 §
412 3270 467 3333 »18.
488 3269 598 3352 Inepta
625 3269 657 3333 et
676 3287 733 3351 per
753 3285 786 3331 se
808 3283 908 3332 causa
930 3265 1116 3350 significatio
1138 3266 1170 3329 in
1197 3260 1259 3330 ότι

193 3371 423 3460 ὑγιαίνοντες,
450 3378 482 3440 et
509 3374 585 3440 satis
618 3393 654 3439 cx
674 3373 849 3438 narratione
870 3373 965 3454 patet
988 3389 1049 3436 non
1073 3389 1180 3436 omnes
1202 3389 1258 3436 va·

192 3483 297 3547 luisse.
341 3481 511 3564 senpectas
531 3479 717 3563 Xenophon:
742 3485 830 3543 ἔνθα
855 3472 896 3562 ὃν)
919 3483 951 3544 οἱ
976 3468 1261 3560 ὀπισθοφύλακες

216 3745 276 3812 ¹)§
306 3749 341 3804 48
368 3765 382 3802 e
410 3745 544 3800 codicibus
573 3745 756 3800 scribendum:
786 3744 864 3813 μόλις
893 3743 1035 3814 ἑπόμενος,
1063 3745 1120 3814 ipse
1151 3748 1260 3814 propter

264 3829 356 3906 gravia
374 3856 448 3894 arma
474 3839 518 3892 vix
549 3838 720 3908 subsequens.
767 3838 872 3892 Milites
890 3837 933 3891 vix
951 3841 1092 3906 sequentes
1109 3837 1259 3907 Xenophon

249 3932 364 3986 ‘frustra
380 3931 504 3985 iussisset
521 3931 660 3997 παριέναι.

217 4021 240 4088 ²)
259 4023 324 4092 Cap.
343 4025 373 4084 2,
400 4025 434 4079 13
453 4024 499 4078 aci
522 4027 585 4079 ante
611 4023 694 4078 πόλιν
717 4027 880 4078 notaveram.
921 4021 1004 4076 Video
1022 4021 1075 4075 iam
1094 4021 1262 4088 aKrocgcro

265 4118 396 4168 notatum.
