2944 4660
316 293 357 350 42
752 289 814 346 Lib.
833 286 856 344 1.

271 493 340 556 bns
377 491 495 556 assas
526 490 615 567 luit,
645 487 792 553 excidisse
819 487 852 550 in
877 488 973 553 altero
994 488 1134 552 membro
1156 488 1343 553 infinitivum

272 596 409 662 activum
432 615 502 662 eum
524 614 663 660 secare
686 593 863 676 copulatum
888 596 1008 657 eertum
1023 593 1080 671 est,
1102 593 1226 658 etiamsi
1251 611 1344 657 causa

273 702 380 766 omissi
401 699 645 783 effeminequeat
666 697 920 782 (corporibus
943 715 1083 782 cogere
1105 699 1214 763 nefas
1239 698 1342 775 fuit);

273 825 355 882 nam,
377 807 414 870 ut
434 805 690 870 constructionem
712 804 822 868 duram
852 803 884 866 et
913 821 1041 886 pravam
1063 806 1202 881 taceam,
1245 804 1342 887 ipsius

272 911 395 997 tyranni
416 911 496 974 actio
519 912 552 976 et
571 910 738 994 imperium
759 909 932 973 necessario
954 909 1123 992 significari
1149 909 1249 976 debet.
1293 909 1344 989 (Si

272 1017 332 1081 fuit
350 1017 463 1082 vesci
487 1035 625 1100 cogere
643 1015 889 1098 corporibus,
912 1013 1016 1096 potuit
1036 1015 1142 1079 oculus
1160 1015 1343 1080 adulterum

273 1140 315 1186 oo
336 1121 368 1185 iu
390 1121 622 1203 corporibus
645 1121 812 1197 aberrare.)
872 1119 913 1183 111
934 1138 970 1184 ex
988 1119 1107 1186 duabus
1127 1121 1253 1186 vocibus
1274 1121 1344 1186 uni-

273 1246 360 1293 verse
395 1227 547 1292 similibus
582 1226 698 1290 omissa
729 1226 829 1300 altere
855 1224 939 1288 cadit
966 1223 1023 1290 sub
1051 1225 1083 1290 id
1111 1245 1224 1310 genus,
1261 1226 1345 1308 quod

272 1333 410 1415 proxime
440 1331 644 1396 tractavimus
675 1332 785 1406 (semel
814 1330 997 1407 scribendi);
1042 1331 1097 1396 sed
1118 1333 1146 1396 si
1167 1349 1203 1396 ex
1224 1331 1345 1397 duabus

273 1439 396 1504 tantmn
417 1435 506 1500 initio
529 1438 584 1500 aut
604 1435 666 1499 fine
686 1435 840 1502 similibus
862 1437 961 1502 altere
973 1436 1095 1514 excidit,
1118 1437 1260 1501 boemus
1278 1437 1343 1501 iam

274 1554 371 1628 genus
399 1542 510 1607 erroris
535 1541 751 1618 notissimum,
785 1561 843 1626 quo
871 1543 994 1625 propter
1015 1541 1091 1606 duas
1113 1541 1230 1607 similes
1252 1561 1344 1608 voces

274 1651 329 1714 ant
349 1667 461 1713 vocum
482 1649 586 1730 partos
607 1645 770 1712 intervallo
792 1667 852 1712 non
873 1647 919 1711 ita
933 1665 1046 1731 magno
1056 1648 1173 1730 positas
1190 1645 1344 1724 librerias,

275 1755 402 1820 oculoa
433 1754 533 1836 priore
555 1751 595 1816 ad
616 1751 747 1816 alteram
768 1751 980 1828 transiliente,
1016 1753 1249 1818 alteramutram
1272 1772 1344 1817 eam

273 1858 461 1940 interpositis
483 1857 625 1925 omuibus
640 1857 778 1940 neglegit
799 1857 833 1922 et
852 1857 995 1922 excludit.
1041 1851 1345 1942 (Ὁμοιοτελεύτου

274 1981 387 2030 nomen
416 1983 478 2028 non
511 1963 611 2027 totam
641 1981 708 2026 rem
737 1945 992 2044 comprehendit.)
1036 1964 1141 2048 Atque
1167 1966 1226 2030 hoo
1247 1983 1345 2048 genus

275 2070 386 2134 erroris
401 2070 434 2133 in
446 2069 585 2138 omnium
607 2069 792 2149 scriptorum
814 2067 972 2134 codicibus
990 2069 1131 2141 omnibus
1154 2070 1204 2151 (ex
1225 2073 1346 2134 nostro·
1394 2056 1395 2062 ἵ

273 2193 343 2239 rum
365 2174 539 2260 archetypis
560 2175 777 2257 propagatum)
799 2167 954 2238 interdum
976 2174 1136 2257 reperitur,
1157 2176 1191 2239 in
1212 2195 1346 2258 quorun-

274 2280 358 2357 dam,
373 2279 459 2345 velut
473 2298 489 2344 e
505 2278 621 2345 Graeois
632 2279 792 2343 Plutarchi
807 2280 849 2352 (in
864 2279 1053 2359 moralibus),
1073 2299 1089 2344 e
1106 2280 1225 2345 Latinis
1248 2279 1344 2346 Sena-

273 2405 324 2450 oaev
337 2385 400 2449 late
422 2385 522 2467 patet,
560 2403 622 2449 aon
654 2391 723 2448 raro
751 2385 815 2450 iam
837 2385 1087 2451 animadversum
1109 2389 1141 2451 et
1162 2388 1344 2464 comestum,

273 2498 461 2575 (quanquam
483 2491 577 2554 etiam
598 2507 692 2572 pravo
713 2489 770 2553 hoc
793 2505 891 2572 genus
913 2491 1107 2556 emendandi¹
1123 2511 1185 2558 non
1211 2493 1257 2556 ita
1273 2511 1343 2558 raro

272 2597 428 2662 tentotum
461 2597 531 2672 est).
583 2594 707 2658 Novam
729 2595 902 2678 exemplum
922 2595 973 2660 hie
993 2600 1125 2680 ponebar
1146 2617 1163 2661 e
1184 2597 1344 2663 Plutarchi

272 2703 386 2780 libello,
411 2701 482 2768 Noa
503 2718 592 2782 posse
614 2698 749 2764 suaviter
760 2700 828 2778 oet,
841 2701 871 2778 3,
883 2702 903 2762 4
916 2704 957 2782 (p.
971 2701 1051 2764 1087
1064 2701 1111 2780 E),
1126 2703 1180 2767 ubi
1193 2704 1344 2786 tauquam

274 2829 310 2876 ox
338 2807 463 2890 Epicuri
483 2809 593 2871 mente·
609 2807 675 2870 haee
696 2805 871 2886 ponuntur:
916 2807 1019 2872 Πᾶσα
1042 2803 1108 2894 yo'p
1130 2802 1238 2890 ἡδονή
1262 2811 1340 2892 περὶ

271 2913 387 2999 ἄρθρα
405 2905 460 2977 cui
483 2915 587 2995 caupo
611 2913 666 2977 καὶ
680 2903 799 2982 ’πόδας
821 2915 877 2976 καὶ
898 2925 1022 2998 χεῖρας.
1066 2913 1126 2992 Qui
1136 2915 1260 2997 Epicuri
1269 2933 1343 2980 ssu-

271 3021 389 3088 tentius
410 3019 461 3083 vel
481 3018 591 3084 leviter
611 3017 733 3094 norunt
756 3008 869 3095 sciunt,
891 3037 951 3082 non
972 3019 1005 3083 in
1027 3020 1166 3084 articulis
1181 3023 1213 3086 et
1226 3023 1341 3100 nervis,

275 3124 449 3193 arthritidis
472 3124 504 3188 et
524 3123 656 3188 aliorum
679 3121 818 3187 dolorum
840 3124 923 3200 sede,
934 3143 996 3190 uon
1007 3125 1039 3189 in
1051 3125 1179 3208 pedibus
1193 3128 1226 3191 et
1240 3128 1343 3192 mani·

345 3523 378 3583 74
397 3541 423 3593 p.
436 3524 490 3580 473
508 3522 550 3580 ed.
572 3525 598 3586 2,
618 3522 651 3577 de
668 3521 767 3578 Grecis
784 3524 906 3593 exempla
923 3522 1044 3592 quedam
1062 3521 1126 3578 aliis
1143 3515 1209 3577 loeis
1227 3537 1340 3593 ponam

336 3613 389 3669 sed
411 3613 441 3668 in
463 3614 498 3669 iis
521 3632 625 3686 quoqne
647 3616 721 3670 valet
738 3631 808 3686 saepo
825 3615 916 3684 aliqua
933 3613 1122 3670 similitudinis
1140 3631 1230 3680 caasa,
1261 3618 1293 3670 ut
1310 3617 1342 3672 in

341 3723 403 3761 nou
428 3707 526 3762 omisso
544 3711 687 3774 antecoa;
706 3709 735 3762 in
748 3707 869 3762 Platonis
878 3707 910 3762 de
920 3709 992 3778 legg.
1002 3724 1033 3784 p..
1040 3707 1077 3772 11,
1088 3709 1141 3763 659
1150 3707 1181 3771 B,
1201 3723 1280 3778 quam
1298 3707 1340 3763 lo-

340 3816 401 3854 cum
419 3799 487 3854 mihi
507 3804 570 3856 ante
588 3801 636 3855 XL
654 3817 738 3854 annos
756 3800 784 3852 in
802 3799 923 3869 margine
944 3802 1091 3857 correctum
1103 3799 1341 3856 Winokelmannus
1461 3811 1462 3851 i

340 3892 487 3964 preripuit,
506 3893 540 3947 ad
559 3913 581 3947 ω
599 3891 751 3961 precedens
767 3891 880 3948 accessit
896 3891 1136 3964 somusegravior
1152 3907 1243 3957 esum,
1267 3909 1340 3947 eom·

341 3984 455 4052 parandi
471 3983 558 4039 forma
575 3985 703 4054 negativa
719 3985 750 4038 et
767 3981 857 4038 brevis
873 3982 994 4040 librariis
1011 3984 1138 4040 insolens.
