2944 4660
296 266 315 331 6
700 267 872 322 Prooemium.

254 463 375 546 fugiant
396 464 450 526 aut
471 463 552 544 apud
575 462 716 545 antiquos
738 461 908 544 philologos
930 462 1060 528 latentia
1082 466 1136 528 aut
1153 466 1319 546 perlibros‚

255 589 330 652 quos
358 567 527 651 periodicos
552 585 712 642 uocemue,
747 587 802 648 per
829 570 1058 650 programmata
1084 570 1320 652 scholarnmque

254 675 370 740 indices
400 674 611 756 simrlibusqus
633 671 710 738 iocis
733 677 860 756 sparsa?
899 674 1057 739 Praestabo
1087 677 1202 754 tamen,
1227 696 1318 758 quam

254 781 366 863 potero,
388 780 580 847 voluntatem
603 799 659 844 sua
680 779 789 860 cuique
810 778 1002 861 relinquendi
1023 781 1228 863 adhibitisque
1241 801 1320 864 prae·

254 887 349 970 cipuis
386 887 417 950 et
456 884 677 950 recentissimis
711 885 857 966 cuiusque
891 885 1045 968 scriptoris
1080 887 1262 952 editionibus
1290 889 1321 952 et

254 1011 321 1076 quae
353 995 534 1074 apparatum
562 991 703 1056 criticum
737 989 867 1066 habent,
904 1010 970 1072 quae
999 993 1043 1058 ibi
1070 1012 1247 1076 repperere,
1281 994 1319 1058 de

253 1098 330 1162 meis
351 1099 470 1162 tollam.
512 1098 670 1178 Perpauca
690 1115 708 1159 a
730 1114 779 1158 me
801 1095 867 1176 ipso
889 1098 960 1160 ante
975 1099 1101 1182 vulgata
1122 1099 1171 1162 hio
1192 1099 1319 1174 iterabo,

253 1205 288 1268 nt
309 1223 369 1268 uuo
390 1204 478 1279 libro,
502 1203 554 1284 qui
575 1203 639 1266 haec
662 1204 784 1278 curant,
807 1202 937 1286 collecta
958 1203 1102 1281 habeant,
1125 1205 1243 1287 quaein
1265 1205 1321 1268 hoc

254 1309 359 1373 critico
384 1328 494 1392 geuene
516 1327 534 1372 a
554 1327 605 1373 nne
627 1307 752 1374 iuuenta
777 1292 917 1390 cognosci
938 1309 976 1372 ab
992 1310 1060 1373 aliis
1083 1311 1187 1386 velim,
1208 1312 1321 1392 prater

254 1434 300 1491 ea,
323 1435 389 1497 quae
410 1415 473 1478 iam
495 1414 582 1478 libris
612 1433 700 1478 ame
732 1413 798 1494 ipso
822 1413 912 1478 editis
940 1417 1136 1478 continentur
1160 1417 1320 1498 (emenda-

208 1578 210 1583 .
252 1521 388 1584 tionibus
404 1520 552 1584 Tullianis
574 1539 602 1582 a.
616 1519 708 1595 1826,
731 1520 860 1601 epistola
874 1519 914 1583 ad
930 1519 1092 1597 Orellium
1114 1523 1319 1604 disputatione

254 1627 291 1690 de
315 1626 457 1702 Asconio,
480 1626 692 1708 opusculorum
708 1625 954 1689 academicorum
971 1627 1087 1692 duobus
1099 1629 1318 1706 voluminibus,

254 1733 482 1796 commentariis
505 1729 536 1794 iu
554 1731 707 1796 Ciceronis
729 1731 824 1796 libros
847 1731 1029 1808 delinibat,
1053 1733 1319 1800 emendationibus

253 1837 389 1902 Liuianis
422 1839 453 1901 et
474 1837 704 1918 praefationibus
734 1837 923 1918 singulorum
951 1837 1165 1902 fasciculorum
1193 1840 1273 1904 Liuii
1301 1862 1319 1906 a

252 1962 302 2008 me
336 1945 368 2006 et
391 1943 535 2026 Ussiugio
560 1942 663 2024 editi);
692 1941 746 2005 sed
773 1961 839 2022 quae
869 1943 912 2006 sic
942 1943 1025 2006 edita
1058 1945 1149 2008 autea
1177 1949 1263 2020 sunt,
1285 1951 1320 2010 ut

252 2049 328 2114 satis
351 2048 390 2112 ad
420 2047 562 2112 notitiam
591 2046 750 2110 homiuum
782 2047 955 2128 pervenisse
982 2049 1145 2126 videantur
1173 2051 1203 2112 et
1225 2049 1320 2114 ratio·

254 2155 342 2220 nibus
365 2155 487 2218 firmata
509 2171 575 2216 esse
598 2153 646 2234 (nt
669 2152 829 2234 pleraque,
854 2173 920 2235 quae
942 2173 1011 2218 cum
1034 2155 1160 2220 Halmio
1182 2173 1319 2218 commu-

254 2262 355 2326 nicata
377 2261 415 2324 ab
437 2277 481 2335 eo,
505 2258 641 2334 Baitero,
669 2257 807 2340 Kaysero
828 2259 860 2321 iu
881 2259 1030 2324 editiones
1046 2258 1199 2324 Ciceronis
1222 2258 1318 2341 scrip·

253 2369 354 2431 torum
381 2366 504 2448 recepta
531 2365 624 2442 sunt),
651 2365 743 2428 verbo
764 2365 887 2428 tantum
915 2364 1063 2428 iudicabo.
1112 2365 1215 2446 Atque
1242 2365 1320 2429 hanc

253 2472 436 2536 brevitatem
464 2471 592 2534 servabo
621 2470 715 2534 etiam
742 2471 773 2533 in
795 2469 896 2546 novis,
917 2473 953 2534 ut
976 2489 1071 2552 parva
1092 2472 1124 2534 et
1145 2472 1251 2551 aperta
1274 2471 1318 2553 (in

252 2579 330 2644 libro
353 2578 386 2642 li
408 2576 606 2658 reliquisque)
628 2576 695 2640 sine
716 2577 780 2641 ulla
801 2576 928 2642 rationis
952 2575 1173 2659 significatione
1194 2595 1316 2657 ponam,

252 2702 298 2759 ea,
321 2701 388 2765 quae
410 2683 490 2746 nude
511 2681 584 2763 poni
605 2685 767 2764 nequeant,
789 2683 921 2746 breviter
943 2681 1102 2762 explicem.
1144 2682 1219 2746 Haec
1241 2701 1317 2764 quo-

253 2808 310 2871 que
332 2789 413 2852 enim
434 2789 531 2852 virtus
554 2787 652 2850 critici
679 2787 816 2864 videtur,
841 2788 910 2870 ipsa
941 2789 1192 2870 argumentorum
1215 2787 1317 2870 capita

228 2873 283 2958 ‘et
303 2894 439 2976 pondera
459 2892 594 2958 breviter
615 2893 872 2975 comprehendere
894 2913 985 2976 posse
1008 2895 1040 2957 et
1060 2893 1241 2956 monstrare.

335 2998 588 3064 Coniecturarum
609 2999 730 3062 tautum
753 2999 845 3062 affero
866 3017 1041 3076 numerum,
1071 3000 1219 3081 quantum
1246 3018 1315 3064 raro

252 3107 422 3190 quisquam.
471 3105 512 3168 Et
532 3107 638 3168 tamen
660 3123 749 3168 nemo
772 3105 829 3182 est,
851 3105 903 3187 qui
925 3103 1024 3186 magis
1048 3123 1140 3186 quam
1163 3105 1315 3188 egoleves

251 3214 282 3276 ct
303 3209 482 3276 temerarias
508 3209 697 3276 coniecturas
719 3210 817 3274 oderit
845 3211 1040 3292 severiusque
1072 3210 1313 3274 coniecturarum

251 3335 376 3380 cansam
400 3323 430 3379 st
451 3315 668 3380 necessitatem
691 3318 809 3400 exigat,
831 3317 863 3380 in
885 3315 1084 3380 coniectando
1107 3318 1210 3380 antem
1232 3317 1314 3379 viam

250 3441 286 3486 ac
307 3421 460 3484 rationem
482 3423 581 3484 certas
603 3423 743 3487 ueritatis
768 3425 855 3486 notas
877 3424 1055 3502 sequentem
1068 3421 1313 3496 servariiuboat;

250 3525 304 3590 sed
337 3525 421 3588 idern
453 3516 627 3590 manifestis
660 3527 781 3592 iudiciis
814 3531 850 3592 et
880 3526 1069 3610 argumentis
1106 3527 1250 3590 obscuras
1283 3530 1315 3590 et

249 3631 355 3694 inanes
378 3631 541 3696 verborum
563 3633 710 3715 ambages
732 3633 844 3715 opponi
865 3650 946 3712 saepe
968 3629 1122 3712 indignor3
1149 3631 1314 3696 multitudo

249 3737 353 3800 antem
376 3737 620 3801 coniecturarum
641 3757 676 3801 ex
696 3739 765 3818 ipsa
786 3733 984 3816 multitudine
1009 3738 1207 3818 scriptorum,
1238 3757 1313 3819 quos

249 3841 350 3924 paulo,
373 3861 463 3924 quarn
476 3843 507 3905 in
519 3841 647 3926 legendo
659 3843 725 3906 fieri
736 3843 824 3918 solet,
851 3841 1027 3926 diligentius
1049 3844 1242 3926 pertractavi.
1275 3845 1312 3908 lu

248 3945 306 4012 bac
326 3947 455 4012 materia
473 3948 677 4034 expromenda
696 3949 739 4012 sio
756 3947 938 4030 scriptorum
961 3947 1099 4012 ordinem
1121 3949 1152 4013 et
1173 3951 1313 4032 tempora

249 4072 367 4135 sequar,
390 4056 425 4117 ut
446 4071 464 4116 a
487 4052 601 4118 Graecis
624 4053 663 4117 ad
683 4054 853 4130 Romanos,
881 4073 899 4118 a
925 4055 1023 4137 poecis
1053 4055 1092 4118 ad
1118 4075 1214 4136 prosae
1243 4075 1313 4120 ora-
