2944 4660
304 258 345 320 36
737 257 798 312 Irib.
817 259 840 312 1.

262 459 353 524 silio
368 459 523 522 inierat.
545 457 627 524 linat
645 459 736 522 tuno
753 455 861 520 urbis
879 456 1075 522 custodiis
1094 459 1330 542 praepositus

262 563 297 628 (t.
312 564 516 650 Maecenas.
568 564 613 628 M.
641 562 789 628 Varronis
826 563 874 626 est
899 561 1107 646 fragmentum
1126 581 1157 636 ¹e
1190 564 1331 628 Bimarco

262 669 358 735 satira
378 670 460 752 apud
477 669 613 734 Nonium
634 688 665 750 p.
687 668 748 730 248
770 667 816 732 sic
837 684 1032 749 expressum:
1055 667 1189 732 Sosius
1212 688 1250 734 es
1271 669 1332 732 ho·

261 777 407 853 stibus,
441 775 566 840 socius
592 773 654 838 ita
683 773 834 838 bellum
861 772 981 856 geris,
1015 775 1054 836 ut
1081 774 1184 840 bella
1204 774 1333 838 omnia

262 881 413 948 domum
435 880 601 946 auferas.
644 879 839 944 Restitnetur
856 896 986 942 acumen
1006 879 1208 962 apertissimae
1226 880 1331 944 formae

260 989 395 1052 retacta
423 1004 521 1063 voce„
548 1003 614 1068 quae
642 985 714 1066 post
740 983 928 1049 hostibus
963 985 1091 1053 excidit:
1138 983 1271 1049 socius
1294 1004 1332 1050 es

260 1088 1139 1172 hostibushostissociis;itebellu1ngeriscet.
1177 1089 1270 1172 Apud
1282 1091 1333 1156 Ci-

262 1196 404 1266 aaronem
417 1197 558 1286 dedomo
572 1195 632 1258 128
645 1195 762 1260 codices
774 1195 906 1273 habent:
941 1196 1227 1260 statuebantur
1245 1216 1285 1260 ar
1295 1216 1336 1274 aei

262 1323 342 1386 qua
363 1301 602 1386 religionem
621 1299 810 1390 afferrent
830 1299 908 1382 ipsi
930 1300 962 1362 si
983 1300 1069 1364 loco
1084 1305 1222 1366 essent
1237 1321 1333 1366 con-

261 1427 322 1476 sec
332 1409 436 1472 ratae.
483 1407 524 1470 Et
541 1407 606 1470 totu
617 1405 756 1470 condicio
770 1405 875 1486 inepta
891 1407 940 1470 est
952 1405 1006 1486 (-
1021 1407 1089 1488 quis
1105 1407 1268 1474 animares
1282 1429 1333 1473 re-

260 1513 406 1600 ligionem
418 1513 566 1578 allaturas
587 1511 696 1592 putare
717 1511 848 1591 poterat,
871 1511 898 1574 si
920 1529 982 1575 non
995 1512 1332 1592 esseutcouseorataell

261 1622 292 1684 ct
311 1620 413 1695 loco,
437 1617 517 1700 quod
539 1616 584 1684 sic
605 1615 742 1698 positum
764 1615 936 1699 significare
949 1615 1161 1682 debetreoto
1184 1621 1221 1684 et
1242 1622 1332 1701 apto

262 1725 360 1802 loco,
384 1723 574 1790 sententiam
596 1740 657 1786 non
678 1721 787 1796 habet;
819 1721 899 1802 ipsi
920 1721 1054 1786 editores
1077 1725 1131 1786 aut
1150 1724 1255 1788 delent
1279 1730 1334 1790 aut

259 1832 292 1896 in
313 1831 413 1913 ipsae
438 1829 571 1905 mutant,
591 1826 673 1910 quod
692 1826 802 1892 vitiose
824 1826 970 1892 abundat.
1019 1827 1191 1910 Scripserat
1212 1829 1333 1896 Cicero:

261 1955 338 2020 quae
365 1934 597 2018 religionem
620 1932 810 1996 afferrent
840 1931 916 2014 ipsi
942 1932 973 1998 ci
994 1933 1097 2011 loco,
1119 1951 1181 2018 quo
1204 1938 1334 2001 essent
1421 1955 1423 1958 ·

261 2041 510 2106 consecratae.
555 2039 634 2106 Cum
645 2037 808 2104 excidisset
829 2056 899 2120 quo
913 2040 985 2122 post
1007 2058 1064 2116 co,
1086 2039 1182 2106 etiarn
1198 2044 1232 2106 ei
1247 2041 1279 2106 in
1298 2044 1333 2108 si

259 2147 391 2214 transiit.
438 2144 559 2210 Excidit
587 2163 664 2226 quea
692 2146 763 2226 post
791 2163 886 2226 aqna
913 2142 995 2226 apud
1029 2142 1178 2208 Senecam
1208 2146 1332 2226 quaestt

259 2257 322 2338 nat.
349 2254 391 2332 ΙΙ,
422 2253 461 2314 25
489 2253 521 2316 et
548 2252 598 2328 26,
629 2249 682 2332 qui
707 2250 792 2314 loeus
820 2249 864 2316 sic
886 2248 1067 2330 scribendus
1096 2250 1129 2312 et
1148 2249 1331 2316 continuan-

257 2361 390 2428 dusest:
418 2357 633 2440 communes)
655 2354 921 2432 sinthumidaa
941 2353 1017 2418 imo
1034 2354 1122 2432 udae,
1145 2354 1331 2436 quomodo

258 2461 751 2549 possuntgignereignem,
767 2478 959 2543 quemnou
973 2460 1096 2544 magis
1114 2460 1331 2526 verisimile

261 2574 319 2638 est
339 2569 431 2636 fieri
454 2589 496 2634 ex
516 2569 613 2633 nube
636 2585 746 2649 quam
768 2583 810 2630 ex
837 2582 951 2646 aqua,
974 2584 1060 2646 quae,
1077 2583 1119 2628 ex
1140 2566 1240 2630 nube
1262 2585 1331 2630 na·

261 2677 410 2742 scitur?
463 2675 619 2757 Apparet,
652 2691 745 2754 quam
772 2673 842 2753 apte
872 2671 1010 2736 externa
1033 2670 1099 2734 haee
1127 2669 1330 2735 conclusionis

261 2799 354 2848 causa
389 2779 555 2855 addanturr
594 2778 685 2862 vulgo
716 2776 810 2842 re'rba
839 2775 1019 2842 Ennube
1053 2775 1231 2852 nascitur
1263 2775 1331 2840 sine

259 2888 324 2952 ulla
344 2886 499 2952 sententia
521 2902 575 2968 per
597 2902 630 2949 se
653 2882 817 2972 ponuntur,
842 2877 936 2946 etiam
958 2878 992 2944 in
1015 2878 1085 2944 novi
1104 2879 1213 2964 capitis
1227 2879 1329 2946 initio.

259 2993 346 3058 Idem
368 2991 457 3074 epist.
471 2992 527 3076 21,
554 2992 572 3050 9
595 2989 640 3054 sio
661 2988 843 3070 scripserat:
886 2985 1131 3050 inbecillum
1154 2985 1329 3050 dividere

259 3098 499 3166 sententiam
521 3098 734 3178 etsequor,
757 3092 856 3176 quod
879 3092 996 3174 probo
1019 3090 1142 3169 (idest,
1168 3110 1237 3156 eam
1255 3110 1328 3173 par-

259 3208 323 3272 tem
345 3204 448 3268 divisae
470 3201 642 3280 sententiae,
665 3219 758 3282 quam
780 3197 900 3281 probo).
949 3197 998 3262 Eo
1020 3196 1212 3262 libentius
1234 3197 1327 3279 ldpi·

257 3309 338 3378 euri
359 3307 519 3393 egregia
547 3306 654 3370 dicta
680 3290 946 3378 commemoro,
983 3305 1042 3367 cet.
1085 3300 1208 3368 Omisso
1229 3303 1327 3384 quod

256 3419 325 3500 post
359 3416 530 3498 (solquor
557 3411 712 3478 sententia
744 3412 776 3475 st
806 3407 902 3474 oratio
930 3407 1118 3491 pessundata
1144 3409 1211 3486 ost,
1232 3425 1327 3488 quam

254 3521 389 3586 Hessius
412 3519 555 3594 adiuvare
578 3515 741 3590 infeliciter
764 3514 892 3595 studuit.
950 3511 1009 3592 Qui
1031 3512 1128 3578 diuidi
1148 3513 1235 3578 iubet
1255 3531 1325 3577 sen-

255 3628 395 3703 tentiam,
417 3644 477 3689 uon
502 3624 602 3689 totam
625 3621 772 3704 sequitur.
818 3620 915 3706 Paulo
937 3619 1058 3704 longius
1079 3619 1254 3684 aberratum
1276 3621 1326 3683 est

256 3732 336 3816 apud
356 3730 505 3795 Senecam
527 3729 617 3794 Rhet.
639 3748 669 3810 p.
693 3727 752 3788 172
775 3726 850 3810 (153
872 3724 992 3806 Burs.):
1027 3724 1184 3790 Obiecit
1203 3724 1324 3806 patri.

255 3838 351 3922 quod
372 3836 533 3930 fratrem
555 3833 785 3909 abdicasset,
802 3831 1093 3909 nonschemata
1115 3829 1182 3896 sed
1204 3835 1321 3896 certo.

253 3943 359 4026 Neque
389 3940 512 4006 omnino
542 3940 646 4004 certo
678 3937 849 4016 obiicere
879 3936 989 4002 dieitur
1017 3953 1115 4019 neque
1137 3937 1323 4002 contrarium

253 4050 302 4114 est
329 4049 373 4126 ei,
396 4047 477 4129 quod
501 4063 555 4126 per
575 4044 708 4127 figuram
737 4045 769 4108 et
791 4043 873 4108 tecte
894 4042 939 4106 fit.
989 4041 1143 4133 Scriptum
1167 4044 1233 4108 crat
1254 4041 1322 4106 sed
