2954 4664
643 231 703 287 nib.
720 231 743 286 1.
1121 227 1180 292 183

155 429 269 514 sagn.
292 429 428 514 auspic.
467 431 548 514 apuu
575 429 660 496 suo.
685 429 785 506 13,1,
815 451 845 499 ο,
870 431 951 500 rore
984 409 1074 494 orno.
1112 429 1219 516 αγο),

158 531 224 610 sive
247 555 284 601 ea
304 536 402 602 forma
423 538 534 603 omisso
548 534 641 609 ὅπως
656 536 723 600 orta
736 537 784 600 est
805 536 869 602 sivo
891 553 926 600 er
946 537 1012 620 ipso
1034 527 1221 600 coniunctivi

157 643 270 708 usu‘in
291 643 508 735 interrogando
531 643 569 708 de
592 661 635 714 eo,
657 641 736 725 quod
757 639 824 706 fieri
845 639 984 722 oporteat
1006 640 1121 724 (φώς),
1142 659 1221 723 prae·

157 748 257 832 posite
278 741 405 831 βούλει,
429 751 509 814 certe
531 767 602 814 oum
624 765 658 812 eo
680 767 738 812 usu
760 747 844 814 arcte
859 745 1025 811 coniuncta.
1062 745 1124 810 Pro
1137 738 1221 830 βού-

159 857 225 930 λει,
252 846 425 940 βούλεσθε
456 854 537 937 apud
564 854 747 936 Sophoclem
779 851 837 931 (111.
866 850 917 926 80,
945 849 1013 918 OEd.
1040 871 1064 916 r.
1089 852 1160 929 651)
1190 852 1222 916 ot

157 959 338 1044 Euripidem
358 961 482 1039 (Bacch.
501 961 561 1022 719
584 960 615 1024 et
635 958 668 1022 in
688 957 741 1022 illo
762 957 944 1042 fragmento)
973 960 1081 1039 quater
1102 959 1221 1042 reperi·

158 1069 210 1130 tur
239 1069 369 1144 θέλεις,
400 1068 534 1140 θέλετε,
568 1063 649 1146 apud
675 1063 836 1128 Platonem
859 1063 1133 1146 Xenophontemve
1165 1066 1219 1129 aut

158 1173 398 1255 Aristophanem
420 1189 586 1254 nunquam.
646 1169 712 1234 Hoo
732 1169 872 1234 imitatus
894 1169 1045 1234 Lucienus
1068 1172 1181 1242 θέλοις
1203 1189 1222 1234 a

157 1277 260 1362 poetis
282 1277 442 1344 transtulit
462 1277 578 1360 aliquot
606 1275 682 1344 locis
713 1275 751 1338 ad
782 1293 904 1356 prosam
932 1275 1108 1340 orationem.
1160 1275 1221 1341 Sed

158 1385 241 1468 quod
265 1384 346 1467 apud
367 1384 529 1448 Platonem
558 1383 675 1446 laetum
697 1383 744 1445 est
769 1399 830 1445 uuo
861 1382 915 1444 aut
943 1371 1038 1446 altero
1070 1382 1154 1459 loce,
1187 1383 1247 1464 ut¹

157 1489 278 1556 librarii
307 1507 361 1572 pro
395 1489 507 1554 aoristo
542 1487 725 1552 coniunctivi
754 1475 891 1551 futurum
912 1486 1070 1553 indicativi
1107 1488 1222 1553 substi-

158 1596 284 1661 tuerent
315 1595 413 1672 (velut
441 1594 473 1657 in
495 1593 647 1658 Phaedone
668 1613 698 1675 p.
723 1590 763 1652 99
786 1593 814 1656 Ι)
843 1588 962 1678 βούλει
985 1617 1043 1662 σοι
1062 1593 1222 1669 ἐπίδειξιν

160 1694 380 1784 ποιήσομαι),
402 1699 454 1781 qui
477 1717 560 1763 error
582 1701 612 1762 ot
634 1698 749 1782 origiue
770 1697 915 1781 loquendi
935 1699 1040 1764 formae
1062 1718 1132 1764 oum
1151 1719 1222 1764 oon-

159 1805 294 1872 iuuctivo
324 1806 454 1888 cognata
481 1802 674 1886 redarguitur
702 1803 1000 1868 et·testimouiorum
1021 1805 1221 1870 multitudine

159 1915 192 1977 et
221 1914 383 1994 poetarum
417 1909 500 1982 loeis,
535 1927 664 1991 quorum
692 1907 725 1972 in
758 1909 857 1976 tribus
884 1909 1085 1977 indicativum
1116 1929 1222 1976 uersus

159 2017 304 2094 excludit,
327 2015 461 2098 atiquod
481 2033 539 2080 nen
560 2013 689 2093 assidit,
719 2014 778 2080 nisi
808 2016 840 2080 in
866 2013 966 2082 forma
992 2015 1041 2081 ad·
1059 2015 1222 2082 arraudum

158 2123 312 2188 facillima
335 2115 539 2210 (ποιήσομαι
561 2138 616 2202 pro
637 2113 854 2206 ποιήσωμαι),
883 2129 1039 2206 nunquam
1060 2121 1093 2186 in
1114 2121 1221 2186 lormis

158 2228 297 2293 certioris
314 2226 508 2300 discriminis,
530 2225 616 2292 velut
631 2226 695 2303 θῶ,
707 2225 840 2309 θῶμεν,
852 2219 1062 2312 αἰιούοοιριον,
1073 2227 1131 2292 hoc
1143 2227 1223 2310 apud

157 2333 330 2399 Luciauum
351 2333 444 2404 latius
465 2332 554 2414 patet
574 2332 729 2415 haeretque
750 2333 783 2396 in
798 2333 981 2399 editionibus
1004 2323 1122 2416 aliquot
1142 2333 1221 2398 locis

156 2439 344 2504 indicativus
378 2421 576 2520 dubiumque
599 2437 799 2522 relinquitur,
833 2457 872 2502 an
903 2439 969 2520 ipse
997 2438 1150 2502 Lucienus
1181 2439 1229 2511 ab·

158 2545 285 2628 antiquo
315 2563 374 2620 usn
405 2543 569 2608 deflexerit.
641 2544 756 2608 Verum
788 2544 844 2608 hoc
876 2543 998 2610 credere
1030 2557 1090 2628 non
1122 2543 1223 2608 solum

159 2653 319 2719 servatum
340 2649 373 2712 in
395 2647 465 2712 aliis
487 2648 519 2711 et
539 2645 676 2728 pluribus
697 2647 774 2712 locis
798 2649 918 2712 rectum
940 2650 1035 2727 vetat,
1063 2647 1222 2722 sedidem

160 2756 382 2834 certissimum,
404 2754 431 2820 si
453 2771 489 2818 ox
513 2752 588 2816 satia
609 2753 718 2820 multis
734 2754 881 2836 exemplis
902 2753 1037 2826 ducitur,
1059 2757 1223 2837 argumen-

158 2857 238 2938 tum',
261 2861 342 2945 quod
363 2859 536 2924 deflectitur
557 2858 679 2924 tantum
700 2859 733 2924 in
753 2859 858 2924 formis
878 2859 1040 2924 verborum
1060 2857 1223 2923 mutationi

159 2967 308 3044 obnoxiis,
331 2966 439 3030 certior
460 2964 646 3030 discriminis
668 2965 737 3030 finis
760 2985 819 3030 nen
841 2959 1012 3030 transilitur
1027 2963 1087 3029 nisi
1101 2965 1140 3028 ab
1160 2983 1221 3042 uno

159 3074 296 3140 alterove
316 3069 457 3146 librario;
486 3069 615 3149 accedit,
642 3073 677 3136 ut
705 3069 861 3137 interdum
886 3089 980 3154 prava
1008 3069 1104 3133 futuri
1125 3067 1223 3134 forma

159 3180 259 3246 uliam
275 3197 325 3242 res
340 3175 488 3242 indicium
501 3173 596 3252 faciat
610 3178 720 3242 erroris
735 3180 766 3242 et
787 3175 979 3241 librariorum
1002 3174 1041 3240 ad
1062 3193 1132 3239 eum
1153 3190 1223 3257 pro-

158 3285 343 3368 pensionem
371 3281 524 3348 ostendat.
579 3281 662 3348 Nam
688 3287 724 3348 ut
750 3282 892 3350 omittam
919 3281 1035 3347 formas
1066 3280 1162 3348 arturi
1193 3283 1224 3344 et

160 3391 269 3458 aerari
281 3396 458 3456 communes
482 3379 694 3472 (ῥαψωδήοα,
717 3387 880 3466 ἐπιδείξω,
903 3389 1105 3472 παραινέσω,
1128 3386 1223 3450 etiam

160 3496 335 3582 praesentis,
358 3489 428 3579 01γο
452 3495 483 3556 01
506 3487 686 3578 οαγγροέφα
710 3513 764 3578 pro
781 3492 908 3576 imagin.
925 3491 989 3574 15),
1013 3490 1222 3557 coniunctivus

160 3604 303 3670 servatur
313 3602 345 3666 in
361 3599 426 3664 his:
446 3599 566 3683 θῶμεν
582 3599 733 3676 (Hermot.
745 3599 787 3676 4),
803 3598 853 3680 φῶ
866 3597 940 3679 (ibd.
954 3598 996 3683 9),
1023 3591 1224 3688 ρ’φαιρώμεν

160 3709 235 3794 (ibd.
262 3707 333 3786 48),
366 3698 602 3790 ἀποκρίνωμαι
634 3703 713 3785 (ibd.
738 3689 805 3782 55),
837 3697 1037 3788 α’κούααμεν
1070 3702 1171 3782 (Char,
1194 3701 1223 3780 9,

160 3833 222 3880 non
245 3802 490 3894 ἀκουσόμεθα),
514 3805 700 3896 παραγάγω
722 3811 753 3874 et
774 3802 932 3896 ἐπαγάγω
955 3810 1078 3892 (catapl.
1095 3809 1124 3888 6,
1151 3808 1223 3892 Jup.

162 3919 243 3986 conf.
267 3919 316 4002 1),
350 3916 549 4000 ἐνταίλωμαι
582 3915 665 3994 (dial.
692 3919 783 3982 mort.
813 3916 909 3994 1,2),
946 3907 1121 3999 α’φὲλωμαι
1150 3914 1222 3992 (ibd.

164 4024 215 4104 10,
238 4023 279 4103 9),
301 4017 451 4088 αἀοείπα
485 4022 634 4100 (Hermot
656 4022 695 4084 42
718 4022 787 4104 post
817 4021 959 4102 ollem„
996 4021 1153 4086 aberratur
1185 4020 1223 4084 ab
