2994 4672
626 264 686 320 Lib.
704 265 756 320 111.
1116 263 1177 326 429

154 467 238 534 Nam
263 467 343 551 qnod
366 463 564 550 glossematis
591 463 712 530 nomine
734 461 847 539 uttnr,
876 479 933 526 neo
954 461 1065 544 onibus
1087 481 1144 560 noo
1163 483 1224 548 qno

155 573 282 640 oonsilio
309 571 523 656 significatura
549 570 615 636 hae
640 568 795 650 adscripta
822 569 940 651 putet„
957 570 1084 634 conatur
1109 570 1221 636 didere.

155 677 278 744 Nomen
300 677 440 756 Souratss
461 672 680 758 imponendum
701 671 778 737 dioit
798 691 855 738 nee
875 673 908 738 id
935 692 1054 739 morose
1084 675 1223 760 deligen-

154 783 240 848 dum.
293 781 473 848 Assentitnr
508 780 634 846 Glanoo.
686 777 904 844 Soribendnm:
950 771 1010 846 -Oo'
1044 775 1110 866 γαρ
1143 773 1221 858 οὖν,

155 899 235 976 ἔφη·
264 881 337 954 ἀλλ’
358 883 378 954 ὃ
400 881 443 952 ἂν
465 881 576 970 μόνον
598 884 695 968 δηλοῖ
715 878 802 966 πρὸς
823 889 892 959 dtur<
915 887 1081 971 σαφηνείᾳ
1087 933 1099 963 ,
1128 880 1222 973 λέγ’,

155 1000 191 1060 εἰ
216 1002 253 1060 κν
280 997 388 1081 ψυχης
424 993 480 1058 sed
507 989 710 1074 quodmodo
737 989 873 1056 deelaret
900 990 940 1056 ad
966 1010 1034 1057 nem
1054 993 1221 1060 tenendam

154 1105 230 1182 (um
262 1099 322 1166 die
353 1098 478 1164 Saoha
501 1095 787 1172 iestnuhaltau)
820 1097 1055 1178 perspicuitate,
1094 1099 1158 1178 die,
1193 1099 1222 1176 si

152 1209 234 1296 intra
255 1204 394 1270 mum
415 1203 475 1280 tibi
493 1203 640 1267 versatur,
664 1199 769 1277 (Codd
786 1200 859 1266 boni
878 1203 976 1287 λέγει,
999 1205 1223 1288 suprascripto

151 1316 185 1380 in
206 1315 237 1378 A
259 1312 353 1390 essin
375 1308 486 1374 esteris
507 1306 607 1371 verbis
628 1305 706 1370 nihil
727 1306 871 1385 venant.)

232 1420 313 1502 ¹(De
334 1438 365 1500 p.
388 1414 451 1478 534
472 1413 502 1476 A
526 1412 643 1476 diotrrn
665 1411 705 1476 ad
728 1411 885 1493 Aristoph.
907 1431 956 1480 av.
981 1412 1060 1476 1128
1081 1433 1111 1494 p.
1135 1414 1222 1494 280.)

229 1510 321 1598 'Ibd
343 1527 380 1605 pq
394 1517 454 1582 539
477 1517 520 1580 A:
568 1510 708 1598 Οιιίιοὺν
737 1525 794 1582 ἵνα
820 1513 872 1602 μή
899 1512 1104 1605 γίγνηταιό
1127 1521 1222 1594 ἔλεος

153 1618 253 1702 οὗτος
275 1629 353 1710 περὶ
377 1617 459 1696 τούς
480 1616 743 1706 τριακοντούτας
762 1647 827 1701 σοι,
850 1617 1092 1709 εὐλαβουμένῳ
1114 1626 1220 1690 τιαντλ

153 1728 269 1820 τρόπῳ
290 1733 360 1798 τοῖν
390 1723 500 1814 λόγων
527 1721 665 1793 οἷιιτέον.
722 1728 793 1796 Non
826 1732 934 1812 aptum
966 1724 1222 1818 εὐλαβουμένῳ,

153 1840 297 1924 quoniam
321 1855 382 1904 non
405 1834 531 1911 θλοαοο,
562 1834 616 1900 sed
643 1834 787 1900 custodes
813 1835 927 1902 debent
953 1831 1131 1902 ἅπτεσθαι
1152 1838 1222 1904 τῶν

153 1942 272 2034 λόγοιν.
304 1945 437 2008 Rectum
460 1933 746 2023 εὐλαβουμένους.
778 1941 820 2008 Et
833 1942 940 2006 noouit
952 1943 1081 2008 fortasse
1096 1962 1220 2016 audom-

151 2050 287 2118 modatio
309 2049 361 2129 (ad
383 2048 458 2126 σοι’).
507 2047 590 2112 Nam
612 2039 878 2128 εὐλαβουμένοις
894 2065 955 2112 non
976 2048 1074 2114 audeo
1096 2049 1221 2118 Platoni

151 2158 303 2234 ttinere,
334 2155 395 2220 uisi
422 2147 596 2237 ἡδομένως
622 2151 790 2234 Xenophon
817 2153 908 2227 dixit,
937 2149 1223 2240 ὁμολογουμένας

152 2282 282 2340 omnes;¹
301 2261 410 2328 aderat
434 2260 517 2326 enim
542 2252 702 2340 εὐλαβῶς.

252 2371 320 2436 Lib.
342 2366 419 2433 VIII
449 2363 479 2448 pi.
504 2367 564 2428 543
586 2364 627 2430 G:
663 2357 798 2447 μισθόν
820 2365 881 2446 τῆς
903 2367 1058 2449 φυλακῆς
1080 2367 1222 2452 δεχομεᾉ

152 2499 234 2548 νοος
266 2479 316 2547 εἰς
347 2466 505 2538 ἐνιαυτόν
536 2467 603 2554 την
633 2475 696 2542 εἰς,
715 2469 822 2534 ταῦτα
856 2464 987 2554 τροφήν
1024 2467 1117 2554 παραὶ
1151 2476 1218 2537 τῶν

152 2577 272 2646 ἄλλων.
315 2579 445 2642 Prorsus
467 2596 529 2642 non
550 2577 649 2654 uduo,
671 2595 729 2658 quo
750 2575 899 2640 referatur
920 2579 1040 2658 ταὺτα,
1063 2580 1222 2661 suspicor-

149 2704 209 2768 que
230 2685 342 2750 truse:
365 2679 431 2767 τήν
453 2687 502 2756 εἰς
525 2679 656 2748 νοντα
680 2677 811 2764 τροφήν
834 2681 886 2750 (ad
909 2683 1108 2750 eonstitntam
1129 2705 1218 2751 mon-

149 2809 268 2865 surum
304 2790 357 2854 cfr.
385 2789 462 2854 VIII
489 2808 519 2872 p.
541 2789 601 2850 551
624 2788 666 2852 B:
704 2775 730 2871 pi
761 2781 805 2852 eia
836 2783 886 2870 μη
919 2778 1065 2874 ,diodoto
1097 2795 1146 2862 εἰς
1174 2787 1216 2858 το

148 2900 277 2981 ταχθὲν
298 2896 456 2980 τίμημα).
536 2902 538 2908 ’

249 3001 315 3066 lbd.
336 3023 366 3084 p.
385 3002 446 3062 544
468 3001 506 3066 d:
530 2996 551 3083 η’
574 3025 610 3064 τε
633 2993 742 3084 ταύτῃ
765 3000 820 3084 (τῇ
842 2992 1030 3084 ὀλιγαρχίᾳ)
1053 2995 1218 3086 διάφορος

149 3107 205 3172 καλ
228 3106 346 3190 ἐφεξῆς
373 3109 559 3194 γιγνομένη
593 3101 822 3190 δημοκρατία,
854 3106 911 3170 κοιλ
945 3100 971 3188 ἦ
999 3110 1140 3192 γενναία
1173 3104 1214 3192 δή

147 3215 308 3298 τυραννὶς
335 3214 388 3278 καλ
415 3207 437 3297 ἦ
465 3213 583 3280 πατῶν
611 3205 743 3278 τούτοιν
772 3204 1021 3297 ὃιαφούγοοοα,
1053 3208 1217 3298 τέταρτόν

148 3343 185 3384 τε
218 3320 273 3384 καὶ
311 3326 452 3403 ἔσχατον
483 3311 616 3392 πόλεως
648 3315 794 3402 νόσημα.
856 3316 908 3382 Sie
939 3337 1045 3384 omnes
1078 3321 1150 3384 boni
1183 3323 1219 3384 et·

147 3423 315 3498 medioeres
337 3423 466 3499 oodioes,
487 3443 548 3488 non
563 3417 693 3490 τούτων
709 3423 922 3506 διαφέρουσα.
964 3422 1033 3508 Sed·
1046 3425 1215 3491 substituto

148 3528 242 3594 etiam
265 3545 337 3596 eum
358 3529 442 3594 inani
463 3531 615 3596 sententia
634 3531 848 3614 διαφέρουσα,
871 3547 993 3611 prorsus
1015 3548 1145 3612 pravum
1167 3533 1214 3596 est

148 3634 203 3698 καὶ
225 3627 258 3718 ἠ,
282 3633 370 3717 quasi
392 3635 431 3698 ad
451 3653 564 3700 novum
586 3653 682 3718 genus
705 3654 724 3699 a
744 3634 905 3718 tyrannide
927 3635 1111 3699 transeatur.
1145 3637 1213 3701 Una

145 3737 253 3804 littam
272 3737 304 3802 in
325 3737 463 3804 oodionm
481 3739 632 3823 scriptura
652 3741 810 3824 geminata
831 3739 927 3803 oritur
948 3739 1215 3823 elegantissimum
1332 3809 1335 3816 ,

146 3842 221 3907 hoo:
248 3845 410 3925 τυραννὶς
433 3845 556 3932 σκαιῇ
579 3845 698 3912 ιιαοῶν
720 3839 849 3910 τούτων
873 3837 1122 3930 διαφεύγοοοαε
1145 3865 1216 3927 quae

147 3947 185 4011 a'd
207 3947 319 4014 Ιοτοιο
342 3950 379 4014 ab
403 3949 451 4014 his
474 3950 614 4015 omnibus
636 3950 767 4016 diseedit
791 3951 823 4014 et
844 3949 933 4033 fugit.

247 4053 316 4118 Iud
337 4073 368 4136 p.
391 4056 451 4118 546
473 4056 512 4120 D.
556 4054 637 4133 Quid
663 4055 817 4122 sententia
844 4056 1026 4137 postularet,
1054 4055 1131 4120 vidit
1151 4055 1217 4120 sere-
