2954 4664
299 267 359 333 138
733 269 793 327 tib.
812 269 835 326 1.

255 467 384 553 scriptor
406 485 517 552 pugne
530 467 737 536 narrationem
756 467 878 534 ordiens
896 467 941 533 sio
956 467 1067 552 iudpit
1086 473 1125 546 (ο.
1138 467 1204 545 80>=
1227 467 1321 533 Erat

256 578 438 659 stagnum
460 572 654 648 salinarum,
681 574 791 639 inter
817 573 914 674 quod
941 575 981 638 et
1006 578 1111 641 mate
1132 573 1319 658 angustiae

256 680 423 765 quadam
444 697 522 745 non
550 679 717 762 amplius
744 655 855 745 mille
882 680 919 744 et
945 679 973 743 D
998 693 1140 792 passus
1170 679 1319 744 intere·

254 789 353 853 rant
401 787 512 870 ltaque
534 783 644 850 Strabo
672 785 837 869 scripseiat
863 785 1057 850 maditus
1083 761 1200 852 minus=
1232 784 1319 872 πρὸς

258 887 367 979 Θάψῳ
396 893 451 958 και
481 891 525 978 τῇ
551 885 755 974 πληοιονι
725 894 833 978 λίμνη
862 893 917 957 καὶ
945 903 1021 964 ταῖς
1048 885 1181 966 ἅλοις.
1236 883 1319 958 Nsni

254 999 360 1064 salinae
382 1018 401 1063 a
425 997 575 1064 Strabone
602 993 681 1062 ἄλαι
704 998 908 1081 appellantur,
930 1017 991 1064 non
1014 995 1104 1073 dieo,
1125 997 1319 1082 apertissime

253 1105 322 1170 libr.
334 1104 397 1168 XII
410 1124 441 1186 p.
451 1104 528 1166 561:
550 1104 614 1168 ιίοι
627 1095 658 1168 δ’
673 1108 710 1167 ἐν
726 1103 769 1187 τῆ
781 1095 920 1190 Ξιμήνῃ
941 1097 1020 1168 ὅλαι
1043 1098 1195 1189 ὀρυκτῶν
1215 1099 1317 1170 dido:

253 1210 448 1276 Femininum
477 1227 573 1294 genus
606 1193 734 1291 apparat
757 1207 852 1271 etiarn
874 1207 937 1272 XII
959 1228 989 1291 p.
1012 1211 1097 1273 5462.
1121 1201 1317 1294 οἷνόμαοῖιοι

255 1318 290 1381 dl
312 1309 381 1383 οἷπό
403 1317 472 1381 τών
493 1307 584 1379 oldaia)
605 1305 647 1386 ιῖς
669 1311 878 1398 παράρροῑᾸ)

353 1407 454 1500 (XIX-l
476 1418 620 1485 Straboni
641 1417 797 1502 proximus
819 1418 878 1482 erit
898 1419 1101 1510 Platanodes,
1124 1420 1217 1488 onius.
1233 1423 1266 1486 et
1286 1423 1318 1486 in

254 1526 326 1592 vitia
350 1529 388 1594 et,
401 1527 434 1590 in
456 1525 624 1594 moralibus
651 1523 791 1608 quasdam
807 1524 910 1589 'huius
936 1527 1059 1609 genens·
1078 1525 1189 1592 menda
1211 1525 1318 1608 dapne·
1406 1567 1410 1574 ψ

252 1630 355 1696 hendi.
410 1619 467 1706 lix,
481 1629 545 1695 illie
570 1629 706 1712 primum
735 1635 784 1695 est
808 1631 840 1716 iu
863 1630 1029 1696 Publicolae
1056 1649 1082 1696 c.
1108 1634 1144 1693 ll
1172 1635 1317 1708 extremo,

255 1735 308 1801 ubi
329 1737 373 1801 sio
393 1733 553 1800 scribitur:
604 1733 738 1804 Τοῦτον
763 1731 826 1808 ιόν
853 1733 962 1820 ἄνδρα
986 1731 1142 1804 Μούκιον
1166 1732 1257 1823 ὁμοῦ
1284 1763 1316 1802 ιι

254 1835 393 1907 πάντων
415 1842 470 1906 rial
494 1840 666 1908 Σκαιόλαν
689 1836 900 1920 καλούντων,·
919 1833 1164 1930 Ἀθηνόδωρος
1185 1836 1204 1910 ὅ
1225 1836 1318 1910 Σᾶν-

255 1951 362 2021 ιιωνος
388 1953 424 2013 ἐν
451 1949 496 2032 τῷ
528 1945 614 2030 πρὸς
637 1941 850 2015 Ὀκταονΐαν
877 1944 944 2034 τήν
967 1951 1142 2034 Καίσαρος
1164 1933 1318 2034 dissolv

253 2056 308 2120 uoti
330 2046 523 2139 Ὀψίγονον
545 2048 749 2136 ω’νομᾶοθαι
773 2055 888 2142 φησίν.
925 2055 993 2121 Hoc
1014 2056 1041 2122 si
1061 2047 1145 2122 r'eoie
1167 2051 1318 2122 scribere·

252 2163 312 2234 tur,
333 2153 693 2247 Atinenodoruetantum
715 2161 812 2226 Mucii
837 2159 981 2229 Seaevolae
1002 2162 1131 2228 nomini·
1146 2161 1319 2228 addidisset

253 2267 335 2347 (eol)
363 2265 496 2330 altorum
510 2327 512 2334 .
527 2283 712 2354 eognounem
740 2267 796 2332 sed
815 2269 968 2334 orationis
989 2267 1087 2334 forma
1108 2259 1256 2332 maiorem
1278 2266 1317 2332 de

250 2374 319 2455 ipso
345 2371 470 2437 nomina
504 2371 685 2454 dissensum¹
713 2373 878 2457 signifieat.
933 2373 1104 2458 Scripserat
1131 2371 1317 2438 Plutarohus

252 2495 312 2542 non
336 2477 407 2542 καί.
432 2467 486 2541 sed
509 2471 643 2544 Γάϊον
664 2473 870 2566 Ὀψίγονον,
893 2481 1028 2562 primurn
1052 2479 1102 2558 (nt
1122 2481 1195 2543 sunt
1216 2477 1319 2544 Graeci

253 2583 451 2668 neglegentes
465 2582 497 2646 in
514 2585 672 2648 nominum
684 2583 890 2649 Romanorum
903 2588 1035 2666 ratione)
1058 2603 1118 2650 non
1140 2583 1315 2658 attendens,¹

252 2688 305 2772 qui
318 2687 415 2754 Gaius
430 2687 481 2763 sit,
503 2688 634 2753 eundem
649 2689 788 2754 Munium
810 2707 888 2768 esse,
910 2691 1019 2757 deinde
1039 2710 1101 2756 nen
1121 2689 1316 2773 intellegens,

249 2787 442 2880 Ὀψίγονον
472 2793 706 2884 Athenodorum
738 2795 877 2878 posuisse
910 2815 964 2880 pro
1000 2796 1092 2863 Cordi
1124 2795 1314 2880 cognomine,

250 2919 309 2984 quo
344 2883 481 2965 nonnulli
514 2899 652 2964 Munium
681 2901 767 2973 ante,
806 2917 899 2983 quam
932 2899 1069 2968 Soaevola
1099 2901 1315 2984 appellaretur,

248 3025 340 3072 usum
367 3025 434 3072 esse
465 2993 630 3076 tradebant
657 3003 776 3075 (Zonar.
805 3005 878 3081 VII,
909 3005 966 3085 12,
994 3006 1087 3070 schol.
1108 3005 1252 3094 Bobiens.
1274 3006 1315 3070 ad

249 3109 313 3176 Cio.
335 3129 391 3194 pro
410 3111 490 3196 Soet.
511 3127 537 3176 o.
560 3111 598 3192 21
622 3129 652 3193 p.
666 3109 727 3171 299
751 3109 823 3188 οι.·,’
837 3111 941 3176 Aurei.
959 3111 1041 3176 Viot
1063 3111 1102 3177 de
1121 3109 1179 3186 ιιι.Ι
1198 3109 1313 3176 illustr.

250 3214 315 3292 1213
347 3219 420 3294 nain
452 3214 608 3280 oordum
638 3215 921 3298 interpretabantur
942 3207 1010 3282 so'ro
1029 3220 1149 3284 natum.
1195 3215 1312 3302 (litium

248 3320 455 3402 Quintilianus
484 3321 516 3398 Ι,
546 3323 582 3396 4,
611 3320 651 3383 25
680 3319 814 3386 Cordum
843 3322 926 3386 inter
957 3321 1138 3406 cognomina
1167 3339 1207 3386 ex
1239 3340 1313 3387 nasu

246 3425 440 3522 nascentium
462 3424 554 3492 dueta
577 3425 686 3510 ponit.)

347 3529 429 3610 (XX)
465 3531 501 3598 ln
531 3532 594 3596 vita
619 3529 813 3621 Marcellia.
842 3530 1060 3622 iprodigiunu
1089 3529 1122 3598 C.
1149 3529 1313 3616 Flaminio,

245 3637 281 3706 P.
302 3637 393 3706 suno
414 3653 493 3702 eoae.
515 3634 589 3712 (223
610 3653 638 3702 a
661 3633 745 3718 Chr)
767 3636 942 3704 nuntatum
962 3635 1009 3712 sio
1030 3638 1184 3704 narratur.
1208 3633 1312 3724 ὤφθη

271 3879 316 3951 Ι)
321 3883 399 3938 stov
416 3886 445 3938 et
463 3881 543 3949 ἁλαῖς
562 3887 590 3940 et
607 3883 679 3950 sose
700 3883 767 3954 (bie)
784 3885 914 3942 mnaso
932 3885 962 3939 ln
981 3881 1080 3951 ἄλλων,
1101 3884 1205 3952 allato,
1224 3881 1312 3953 ἄλλος

315 3975 388 4047 ap'ud
418 3975 530 4049 Dionys.
557 3975 646 4034 idalio.
676 3977 743 4034 lriet
766 3975 844 4034 som.
867 3977 905 4043 ll,
930 3979 972 4042 65,
1000 3977 1052 4046 ΙΙΙ,
1076 3983 1120 4043 41,
1147 3977 1311 4050 opitergine

313 4069 455 4126 intellexit
