3004 4676
321 265 382 328 516
748 265 807 320 Lib.
826 266 875 321 IV.

281 485 381 532 nonne
396 464 512 530 rectius
525 464 580 529 ἐπὶ
596 463 668 530 τοτ’
691 455 928 548 κλύσματος
952 467 1182 550 φονευθέντες
1203 465 1344 532 dicuntur

281 591 374 655 quam
396 571 452 634 ἐπὶ
476 570 538 635 τοῦ
560 561 733 654 κῶματοςΡ
850 603 852 610 v

315 735 316 740 ,
380 675 447 741 Ibd.
471 677 525 738 76:
548 675 624 759 τριά
646 680 711 760 μὲν
733 673 844 760 σκάφη
873 678 940 742 τῶν
962 679 1166 762 τετρηρικῶν
1200 679 1254 744 καί
1277 677 1343 742 τῶν

280 782 527 865 στρατιωτικῶν
559 783 707 866 πυρείων
736 777 811 865 ἅμα
846 778 931 848 κατιί
960 778 998 848 τῶ
1028 778 1112 849 αι’τό
1148 777 1343 870 βιαιότερον

382 888 444 952 ἐπί
474 883 539 971 τη“ν
571 889 638 974 γῆν
671 879 872 972 ἐξεβράσθη.
938 888 1006 954 Non
1046 891 1148 972 potest
1176 891 1245 954 τῶν
1275 913 1343 972 στρ.

281 994 428 1077 πυρείων
454 994 586 1076 pendere
620 995 735 1077 ετριά
764 987 891 1078 σκάφη,
916 995 1004 1076 ‘quod
1033 997 1171 1078 expletur
1202 995 1343 1079 genetivo

280 1100 348 1166 τῶν
362 1101 576 1183 τετρηρικῶν.
612 1098 724 1164 Serib.:
747 1101 895 1185 πυρείων
911 1108 1000 1166 ἔνια
1023 1096 1108 1166 κατοί
1122 1103 1222 1166 κ.τ.λ.
1249 1099 1343 1164 Belli·

280 1225 387 1270 eerum
408 1204 535 1270 navium
557 1207 658 1270 certus
681 1225 827 1270 numerus
849 1207 979 1288 ponitur,
1002 1207 1189 1290 reliquarum
1211 1207 1343 1272 incertus

280 1312 479 1395 significatur.
511 1311 578 1374 Ibd.
595 1310 696 1376 medio
712 1310 812 1393 capite
837 1304 1055 1392 (ὑπολείπει-ν
1076 1310 1142 1398 ἦιλη
1165 1315 1343 1395 συνέβαινε

279 1414 341 1482 τῶν
363 1422 470 1495 σῖτον)
507 1435 562 1500 pro
584 1411 790 1483 τ’πολείπειν
819 1435 892 1482 usus
925 1419 1053 1501 requirit
1088 1418 1344 1497 ἐπιλείπειν,

280 1522 361 1605 quod
396 1541 450 1606 pro
489 1520 598 1588 eodem
635 1521 861 1587 restituendum
899 1525 947 1587 est
983 1525 1079 1588 etiem
1114 1543 1140 1588 ο.
1174 1524 1232 1585 109
1270 1523 1345 1605 (τῆς

279 1628 409 1713 τροφῆς
443 1620 698 1712 ῶπολειπσίσης
734 1621 816 1699 τούς
854 1630 1187 1714 πολιορκουμένους).
1242 1628 1346 1710 (Apud

252 1799 256 1806 ,
278 1735 349 1818 Lys.
372 1733 503 1808 XXVII,
525 1736 540 1794 1
563 1733 645 1798 idem
667 1733 815 1798 mendum
835 1733 979 1800 Reiskius
1001 1737 1150 1816 sustulit.)
1192 1733 1344 1818 Sequitur:

281 1835 335 1906 ιλιιί
371 1833 413 1922 δὴ
440 1838 547 1903 ταυτα
573 1839 634 1920 τῆς
667 1831 843 1924 δυνάμεως
880 1831 1099 1924 α’θυμοῶσης,
1135 1836 1346 1925 παραλαβιίν

279 1940 317 2011 τό
332 1936 564 2026 στρατόπεδον
579 1946 633 2010 καί
649 1939 731 2017 τοίς
752 1938 927 2031 ἡγεμόνας
948 1941 1150 2033 Ἀντίγονος
1172 1948 1346 2030 προέθηκε

278 2046 412 2136 βουλήν
435 2075 465 2114 ιι.
493 2076 522 2114 τ.
552 2053 579 2116 λ.
636 2051 707 2115 Νοσ
737 2052 803 2114 tote
831 2051 935 2116 eastre
965 2051 998 2116 in
1030 2053 1193 2118 eonsilium
1224 2052 1347 2118 vocavit

278 2157 464 2240 Antigonus,
487 2157 541 2220 sed
553 2157 608 2220 aut
623 2157 671 2235 (ut
680 2156 843 2221 Perdiccas
854 2156 970 2231 XVIII,
989 2159 1042 2236 25)
1065 2151 1144 2232 τούς
1168 2185 1204 2224 τε
1227 2159 1346 2242 φίλους

280 2265 334 2328 καί
360 2255 442 2334 τους
464 2255 646 2348 ἡγεμόνας,
668 2266 722 2326 aut
735 2262 839 2343 potius
860 2256 942 2333 τοῶς
964 2259 1174 2348 οτρατηνοίς
1189 2267 1244 2330 καὶ
1267 2257 1348 2336 τούς

279 2365 464 2455 ἡγεμόνας,
501 2368 595 2433 duces
623 2368 764 2451 (legatos)
793 2368 1024 2451 praefectosque.
1073 2371 1168 2436 Serib.
1190 2371 1279 2452 puto:
1308 2362 1346 2434 ιε’

280 2470 572 2559 στρατηγικῶν
594 2473 649 2538 καὶ
671 2468 754 2545 τοιίς
776 2465 959 2559 ἡγεμόνας.

380 2580 449 2644 Ibd.
492 2581 550 2642 84:
584 2573 821 2662 Ἐψηφίσαντο
856 2581 890 2645 δὲ
923 2580 977 2644 καὶ
1011 2580 1080 2644 τῶν
1103 2573 1233 2646 δούλων
1267 2573 1347 2652 τούς

279 2684 408 2768 ἄνδρας
439 2678 599 2769 α’γαθοιίς
626 2687 834 2770 γενομένους
856 2691 892 2750 ἐν
919 2698 992 2757 τοῖς
1020 2681 1191 2760 κινδύνοις
1220 2677 1347 2773 οἷγσρῶ-

280 2814 413 2864 οαντας1
441 2785 535 2873 παροί
563 2790 632 2854 τῶν
665 2789 849 2856 δεσποπῶν
877 2791 1086 2874 ἐλευθεροῦν
1116 2793 1172 2858 καί
1204 2794 1348 2866 πολίτας

281 2899 380 2965 εἶναι.
426 2897 642 2964 Seribendum:
678 2888 971 2980 α’γοριίοαντες.
1023 2898 1192 2962 Deererunt
1211 2899 1271 2982 ipsi
1291 2917 1350 2981 pu-

284 3005 364 3070 bliee
387 3021 490 3068 servos
512 3002 662 3066 redimere
685 3004 716 3065 et
735 3001 966 3066 manumittere.

381 3108 449 3174 Ibd.
472 3109 512 3172 85
536 3109 639 3172 πλοῖα
663 3109 717 3172 ίοα
739 3098 914 3191 βεβηκότα
939 3107 1033 3184 (ἴσων
1053 3101 1267 3192 βεβηκότων)
1289 3127 1349 3173 non

279 3216 511 3297 intellegoque
533 3214 604 3290 sint,
626 3213 681 3278 sed
703 3213 778 3276 ἴσον
798 3205 984 3297 βεβηκότα,
1006 3214 1144 3279 eiusdem
1167 3214 1349 3279 altitudinis.

380 3319 447 3384 Ibd.
471 3320 526 3380 91:
559 3311 621 3384 Ἐκ
645 3317 678 3382 δὲ
700 3317 767 3382 τῶν
788 3318 921 3402 γωνιῶν
943 3314 1101 3406 ὑπῆρχον
1121 3321 1188 3385 ίοσι
1211 3321 1256 3405 τῷ
1278 3312 1349 3403 μή·

282 3451 330 3494 κει
356 3421 469 3510 βραχῶ
490 3424 667 3496 λείποντες
688 3424 757 3488 τῶν
776 3419 899 3490 ἑκατόν
924 3425 1056 3509 πηχῶν.
1091 3424 1220 3489 Addunt
1240 3425 1351 3490 contra

281 3533 403 3598 eodices
433 3531 544 3600 κίονες
577 3531 650 3594 ante
679 3532 761 3606 ἴσοι,
794 3529 876 3614 quod
905 3531 1052 3609 abundet,
1088 3529 1232 3613 queniam
1263 3547 1350 3618 eom·

282 3637 384 3704 munis
406 3637 543 3702 omnium
557 3635 874 3700 mensuraindieetur.
910 3635 1023 3702 Scribe
1047 3637 1155 3702 ἱστοὶ
1178 3635 1222 3720 τῷ
1244 3619 1350 3718 μήκει

281 3769 309 3810 ιι,
332 3769 361 3808 τ.
386 3745 414 3808 λ.
459 3739 686 3818 (Μαθλίὶᾶυπτθ).

381 3847 448 3912 Ibd.
472 3848 527 3909 96:
559 3848 795 3928 προσέπιπτον
824 3851 857 3910 οἱ
884 3838 1054 3931 πυρφόροι
1087 3845 1132 3932 τῶ
1166 3847 1352 3930 ξυλοφανεῖ

280 3950 341 4016 τοτ’
380 3945 715 4034 κατασκευάσματος.
766 3951 799 4016 Si
832 3951 890 4016 hoe
925 3971 1032 4017 verum
1060 3952 1121 4026 est,
1158 3951 1354 4036 significatur
