2944 4660
609 307 670 364 Lib·
689 309 711 362 l·
1109 308 1147 372 57

130 527 196 568 των
218 511 267 570 atre
292 507 359 569 τῶν
381 494 549 590 ὀριμιῖτων
572 507 625 570 καὶ
647 506 710 589 τῆς
730 507 792 572 τοῦ
808 499 994 590 προσώπου
1006 505 1191 579 διαθέσεως

131 609 457 696 διαφυλαττομένης,
480 601 578 678 ἐνίων
601 612 636 678 dt
658 606 719 684 τως
740 608 1111 696 πλευράςέπικοιιρίοις
1133 639 1190 678 το-

130 729 211 806 μαῖς
241 711 522 804 οἷναρρηττόντων
552 719 606 784 uoti
634 711 810 789 θανάτους
838 711 923 792 ὀξεῖς
950 711 1189 804 ἐπιφερόντων.

25 861 27 878 ·
129 822 274 906 Apparet·
294 826 430 906 capitum
452 826 488 890 in
513 827 645 894 cmm
658 824 834 892 cadentium
857 825 1006 889 mentioni
1031 827 1114 890 recte
1135 825 1196 890 ad·-

129 927 215 1011 iungi
235 929 350 1010 primos
376 930 448 996 illos
461 931 630 1016 'genetivus
651 931 823 1006 absolutos,
855 927 964 1010 quibus
992 929 1190 1013 significatur,

130 1033 212 1116 quali
233 1035 349 1106 habitu*
362 1035 529 1101 ceciderint
558 1028 770 1122 (βλεπόντων
791 1073 832 1082 -
854 1034 1189 1118 διοφνλαττομὲνης),

131 1139 443 1221 sodperversissime
476 1145 579 1208 cetera
607 1143 718 1220 (ενίων
741 1141 781 1208 cr·
806 1167 834 1205 ι.
856 1167 884 1206 τ.
908 1143 969 1218 t),
998 1159 1065 1221 qnae
1094 1141 1190 1220 perti·

130 1244 204 1308 nent
225 1245 265 1308 ad
286 1245 440 1311 variorum
462 1247 622 1314 vulnerum
649 1248 912 1312 enumerationem
941 1245 1190 1320 continuandam,

131 1367 198 1412 cnm
220 1335 393 1432 presertim
407 1353 452 1416 sic
465 1353 630 1418 vulnerum·
647 1353 765 1418 effectio
786 1352 988 1418 transferetur
1012 1370 1031 1415 a
1052 1349 1189 1416 curribus

131 1455 168 1518 ad
189 1456 373 1538 quosdam
394 1455 464 1522 ilios
479 1457 619 1542 homines
641 1457 753 1535 (ἐνίων
775 1458 808 1523 δὲ
831 1451 1188 1542 -ᾰνωρρηττόντων),

132 1559 181 1642 qni
216 1561 381 1628 manifesto
407 1563 468 1646 ipsi
500 1579 535 1628 ex
562 1564 673 1629 misere
703 1563 979 1642 trucidatus-‚sunt
1037 1563 1189 1629 Diodorus
1277 1642 1281 1654 Ι

131 1667 317 1748 superiorem
332 1669 530 1733 enumerandi
545 1670 675 1734 formam
688 1687 743 1750 per
763 1669 928 1734 infinitivus
951 1670 989 1734 ab
1011 1665 1095 1735 ὥστε
1114 1689 1190 1752 pen-

132 1769 235 1836 dentes
257 1773 424 1855 reliqnerat
449 1773 639 1856 interpositis
654 1773 818 1858 genetiuis
839 1775 920 1853 illis,
949 1775 1058 1840 deinde
1085 1776 1188 1840 autem

130 1878 211 1940 recta
232 1873 383 1943 eberone
421 1877 599 1945 addiderat:
648 1879 746 1944 ἐνίων
789 1881 823 1945 ‹b-
861 1876 930 1953 τως
959 1877 1109 1964 πλευροῖς
1140 1919 1188 1940 .—

131 1975 335 2066 οἷνέρρηττον
357 1987 488 2063 (currus)
511 1987 565 2050 καὶ
585 1984 761 2058 θανάτους
776 1980 863 2061 ὀξεῖς
879 1991 1052 2070 ἐπέφερον.
1085 1986 1191 2052 Scriba

130 2089 255 2169 proximi
282 2089 415 2154 membri
444 2093 598 2156 structura
626 2095 658 2156 et
684 2093 825 2175 genetivo
847 2093 946 2156 ἐνίων
973 2093 1117 2175 deceptus
1140 2094 1189 2156 hio

132 2213 247 2277 quoqne
277 2196 506 2279 participiorum
535 2198 692 2280 genetivus
721 2197 824 2262 effecit
853 2198 958 2264 addito
982 2221 1050 2262 των
1081 2200 1113 2261 et
1136 2197 1189 2262 de·

130 2299 233 2365 tracto¹
249 2303 414 2383 augmento
423 2301 458 2380 ¹).
506 2301 618 2368 Latina
637 2321 803 2386 perpauca,
825 2306 860 2370 ut
884 2304 954 2381 diri,
977 2304 1113 2372 Liuianis
1138 2321 1189 2367 er-

130 2405 236 2488 emplis
259 2423 296 2470 ex
320 2405 388 2474 aliis
410 2407 607 2489 scriptoribus
629 2409 788 2474 addamus.
825 2409 929 2474 Cicero
958 2409 1053 2494 igitur
1076 2409 1114 2473 de
1142 2408 1190 2472 in-

130 2513 258 2589 venti,
281 2511 319 2572 91
344 2513 388 2578 sic
408 2509 564 2596 posirorat:
607 2513 751 2593 Quodsi
778 2533 850 2580 non
876 2515 911 2578 P.
943 2515 1072 2597 Scipio
1101 2513 1190 2578 Cor-

130 2619 278 2686 neliam,
298 2617 430 2682 filiam
459 2618 513 2684 ui.
537 2619 708 2685 Graccho
735 2620 974 2685 collocasset
1000 2621 1113 2703 atque
1147 2639 1191 2683 er

131 2741 172 2787 ea
193 2723 284 2788 dnos
307 2723 505 2789 Gracchus
532 2725 802 2806 procreasset,
832 2726 948 2788 tante
975 2725 1190 2790 seditiones

130 2831 226 2893 natae
264 2847 342 2894 non
384 2830 522 2892 essent
583 2831 740 2896 Librarius
772 2831 897 2914 propter
936 2829 1032 2895 dnos
1068 2829 1193 2912 scripsit

132 2934 346 3011 Gracchos,
380 2936 411 2998 et
432 2933 476 2997 sio
497 2934 611 3014 editur,
648 2955 707 3019 quo
733 2937 769 2999 fit
793 2936 944 3018 primum,
976 2935 1012 2998 ut
1031 2933 1067 2998 P.
1090 2933 1191 3014 Scipio

132 3041 192 3124 ipse
208 3042 284 3106 duos
302 3040 454 3106 Gracchos
476 3059 511 3104 er
529 3041 596 3105 fitia
618 3060 794 3124 procreasse
816 3042 935 3108 dicebrr
961 3046 1046 3116 (nam
1071 3057 1109 3103 ne
1130 3039 1191 3106 mi·

133 3147 212 3222 nima
233 3146 357 3229 quidem
379 3147 428 3212 est
449 3147 630 3232 significatio
658 3147 789 3214 subiecti
815 3148 847 3210 in
875 3147 976 3212 verbis
998 3165 1053 3228 per
1073 3147 1191 3228 atque

160 3468 184 3530 ¹)
201 3463 281 3518 Nunc
290 3461 460 3516 Dindordnm
468 3462 640 3532 inponerem
648 3462 767 3518 editione
777 3462 951 3532 (1867)rideo
963 3459 1191 3529 ἀναρρήπεσθαι

200 3559 228 3612 et
252 3553 438 3622 ἐπιφέρεσθαι
467 3555 600 3625 posuisse,
630 3558 664 3610 ut
691 3555 849 3626 simpliciter
875 3554 997 3624 superior
1026 3551 1191 3608 constructio

201 3649 380 3722 continuetur.
416 3647 469 3702 Sed
487 3650 515 3701 st
531 3648 647 3704 mutatio
670 3648 751 3720 longe
773 3647 916 3704 violentior
940 3649 994 3710 est,
1019 3661 1068 3700 nec
1092 3645 1125 3699 ab
1140 3644 1193 3700 iila

201 3741 284 3796 forma
303 3740 391 3794 scriba
407 3742 463 3794 tem
481 3740 559 3796 facile
578 3739 733 3796 aberrasset.
769 3740 810 3800 Ex
829 3739 921 3796 eadem
939 3734 1192 3812 accommodationis

203 3833 294 3902 specie,
314 3849 394 3900 qnam
412 3833 441 3886 in
461 3831 600 3887 Strabonis
627 3835 655 3886 et
672 3832 783 3886 Diodori
807 3831 873 3886 locis
896 3827 1013 3893 ostendi,
1038 3821 1110 3897 apud
1128 3827 1192 3881 Pla·

203 3927 292 3979 tonem
311 3923 345 3978 ds
362 3941 414 3993 rep.
435 3925 475 3978 IX
492 3941 518 3994 p.
532 3927 582 3981 591
601 3923 626 3977 D
646 3927 739 3978 uatum
758 3925 799 3979 est
818 3925 950 3990 φαίνηται
969 3923 1079 3990 propter
1096 3935 1193 3989 pracc-

201 4016 267 4070 dens
300 4015 392 4086 μέλλῃ.
437 4017 531 4088 Itaque
563 4012 770 4072 taneridobuit
799 4015 955 4070 restitutum
982 4029 1013 4067 eu
1046 4009 1193 4066 Iamblicho

206 4113 345 4174 φανεῖται,
363 4123 415 4164 non
433 4109 553 4164 damnari
571 4107 689 4164 verbum.
