2954 4664
440 353 443 360 .
526 279 528 284 ’
619 303 728 358 aren
1107 305 1167 368 173

149 499 288 584 scriptori
310 501 434 578 tribuet,
462 499 574 584 poterit
598 482 692 566 etiam
713 501 846 568 altemm
867 503 1016 580 tribucum
1039 505 1085 586 (in
1106 505 1207 579 XXII,

149 604 207 666 134
241 607 326 670 reete
365 607 510 672 scribitur
545 603 671 689 deuncos
702 655 709 670 .
734 653 742 670 .
766 655 775 672 .
802 601 939 694 μήποτε
968 647 1006 656 -
1036 616 1208 690 theodum)

148 709 279 776 alterum
311 711 343 776 in
370 711 491 778 XXVII
524 713 674 790 (carmine
704 715 893 780 conminus
924 717 1024 782 dutiae
1055 718 1208 802 originis),

147 815 200 879 60:
231 810 299 902 φῄς
327 843 389 899 μοι
419 810 534 884 πάντα
558 811 680 902 δόμεν·
703 811 787 904 τάχα
817 814 847 888 δ’
873 817 1017 906 ὕστερον
1044 817 1116 888 οὐδ’
1143 821 1208 890 ἅλα

147 920 254 1005 δοίης,
289 923 432 988 adiuncto
460 925 510 992 hic
536 943 654 1008 quoque
681 925 778 990 altero
807 927 977 992 solcecismo
1018 927 1126 1011 (δοίης
1152 949 1207 1011 pro

24 1069 29 1088 ,
146 1021 187 1094 ἄν
210 1028 333 1111 δοίης);
361 1049 434 1095 nam
457 1031 629 1096 Hermanni
650 1031 848 1098 inanissimas
875 1033 1011 1115 argutias
1038 1053 1099 1098 non
1126 1054 1206 1100 curo.

146 1133 209 1200 Hes
233 1135 329 1218 igitur
350 1135 490 1218 relinquo
511 1127 689 1219 Byzantina
711 1137 813 1202 aetatis
835 1137 967 1211 notas.¹)

242 1241 327 1314 Haec,
365 1259 432 1324 quae
464 1241 638 1323 generatim
669 1244 847 1324 persecutns
882 1263 968 1320 surm,
1000 1243 1140 1310 veritatis
1174 1248 1207 1310 et

144 1347 251 1412 erroris
266 1345 380 1412 indicia
394 1346 447 1428 qui
470 1346 630 1412 coniuncta
647 1347 742 1413 libero
764 1348 867 1413 auimo
888 1348 1124 1414 consideraverit
1139 1369 1207 1428 nec,-

142 1451 176 1516 nt
201 1452 255 1530 fit,
286 1451 352 1516 sine
379 1452 443 1516 ulla
470 1453 516 1517 rei
543 1453 659 1518 natura
682 1453 867 1536 cogitatione
888 1456 942 1520 aut
960 1453 1205 1520 testimoniorum

144 1555 337 1622 distinctione
363 1576 458 1622 unum
485 1560 540 1624 eut
560 1557 693 1622 eltemm
721 1559 824 1624 lecum
853 1553 1016 1641 arripuerit
1042 1559 1204 1626 inenemvc

143 1661 346 1726 distinctionis
369 1662 513 1743 speeiem,
534 1663 572 1741 is,
596 1663 734 1730 adhibita
754 1665 819 1740 illa,
842 1665 878 1730 de
898 1684 958 1746 qua
974 1664 1081 1730 statim
1092 1665 1203 1756 dimm,

143 1768 295 1832 certorum
323 1768 485 1833 verborum
519 1771 710 1851 separatione
739 1773 769 1834 et
803 1771 996 1852 exceptione,
1028 1771 1203 1835 universam

141 1870 226 1934 illam
257 1872 294 1936 de
321 1873 435 1938 aoriste
469 1875 614 1940 infinitivi
641 1874 722 1956 apud
750 1873 871 1940 dicendi
898 1875 1084 1958 putandique
1110 1869 1204 1942 verba

24 2009 25 2012 π
140 1974 233 2044 futuri
259 1977 483 2060 significatione
506 1982 560 2044 aut
581 1981 778 2045 adfuturum
800 1981 961 2046 inclinanti
983 1983 1096 2062 posito,
1121 1983 1203 2065 quod
1307 2029 1308 2034 κ

24 2113 25 2120 1
140 2082 178 2146 ad
198 2083 366 2165 scriptores
390 2085 558 2167 Byzantina
580 2087 716 2166 tempore
737 2085 853 2166 priores
877 2087 1004 2163 attinet,
1031 2088 1120 2169 plane
1146 2091 1202 2154 ab·

24 2181 25 2192 ’
141 2187 223 2252 iiciet
251 2189 491 2272 mendorumque
518 2191 608 2255 nnius
639 2192 671 2254 et
691 2191 841 2272 simplicis
863 2192 984 2273 generis
1006 2211 1201 2258 communem

144 2285 386 2359 emendationem
414 2295 539 2360 alterius
566 2295 666 2360 utrius
693 2297 800 2360 iormae
830 2297 895 2361 sine
922 2297 986 2362 ulla
1014 2297 1203 2364 haesitatione

143 2398 269 2480 accipiet
296 2401 334 2464 ab
362 2399 431 2466 aliis
464 2403 517 2464 aut
549 2401 615 2484 ipse
646 2401 815 2466 adhibebit.
871 2403 918 2466 Ac
944 2403 994 2467 vix
1019 2403 1082 2468 iam
1105 2423 1203 2488 operae

142 2503 273 2584 pretium
302 2504 423 2596 videtur
450 2526 547 2570 unum
574 2509 605 2571 et
639 2507 771 2592 alterum
790 2508 904 2592 'locum
934 2508 1121 2588 adscrssrere,
1154 2509 1203 2574 cui

170 2804 191 2873 ¹)
210 2807 242 2861 In
260 2811 378 2862 mentem
394 2809 464 2864 mihi
482 2809 538 2864 hac
556 2812 685 2864 reuocant.
702 2825 759 2864 rem
777 2825 793 2862 a
811 2824 853 2862 me
870 2809 937 2864 olim
949 2793 1104 2880 expositam.
1135 2810 1200 2864 Dixi

208 2899 280 2954 enim
293 2904 383 2967 (1835,
399 2903 428 2956 et
445 2903 543 2972 repetii
558 2903 671 2960 1842111
688 2918 770 2972 cpnsc
781 2900 856 2956 acad.
868 2901 895 2954 ΙΙ
913 2918 939 2969 p.
952 2902 996 2970 77)
1015 2902 1110 2956 multis
1122 2903 1199 2956 annis

207 2994 270 3046 ante
288 2995 403 3063 coeptam
422 2995 690 3064 vulgari‘Ritsehelii
702 2995 794 3050 Plauti
810 2993 963 3053 editionem,
982 2993 1108 3062 quoniam
1127 2993 1199 3062 apud

206 3083 335 3140 Plautum
350 3081 544 3142 et'serentium
563 3105 616 3144 non
634 3087 712 3142 modo
730 3087 817 3140 multo
837 3087 961 3155 pluribus
979 3085 1044 3140 locis
1063 3086 1198 3154 legeretur

182 3241 186 3248 ,
206 3175 281 3232 faxo
304 3179 391 3234 scies
413 3195 495 3248 quam
520 3180 595 3236 taxe
621 3181 725 3243 scias,
751 3177 797 3234 sed
815 3179 844 3234 in
862 3179 985 3232 omnibus
1003 3177 1038 3232 iis
1056 3177 1131 3242 locis,
1150 3177 1198 3231 nbi

205 3270 297 3326 iormae
316 3271 459 3328 discrimen
476 3273 510 3326 ad
528 3289 633 3328 versum
650 3273 806 3342 pertineret,
825 3271 867 3324 ita
884 3272 916 3323 ut
933 3270 1050 3338 triginta
1067 3273 1197 3339 quattuor

205 3361 271 3418 loeis
289 3367 360 3426 esset
377 3364 455 3420 faxo
471 3366 669 3422 laudabitis
697 3367 725 3418 et
743 3362 854 3427 similia,
882 3377 1014 3430 nusquam
1032 3363 1108 3417 faxo
1126 3364 1196 3418 lau·

205 3454 278 3520 des,
297 3473 358 3524 cum
374 3459 524 3530 presertim
542 3459 688 3521 accederet,
707 3458 740 3510 ut
757 3455 835 3510 faxo
854 3454 944 3508 scies
962 3453 1043 3510 facile
1062 3457 1091 3510 iu
1109 3457 1196 3510 scias

203 3552 352 3604 mutaretur
369 3567 386 3604 a
404 3550 523 3604 librariis
541 3553 669 3606 omissum
695 3567 753 3606 esee
783 3550 819 3602 ut
846 3546 1019 3618 putantibus,
1047 3549 1140 3602 scias
1166 3548 1196 3602 in

204 3644 290 3696 scies
308 3660 362 3698 non
379 3642 458 3698 facile
475 3645 613 3711 transiret,
630 3645 804 3700 manifestum
816 3660 879 3698 ease,
890 3645 992 3697 veteres
1009 3641 1072 3694 ilios
1090 3657 1193 3710 semper

204 3733 306 3790 duobus
323 3735 422 3792 futuris
440 3751 472 3790 ex
490 3753 565 3805 aquo
583 3738 733 3796 coniunctis
752 3738 850 3792 dixisse
869 3736 950 3790 faxo
968 3735 1070 3796 scies,
1095 3734 1193 3797 sciet,

202 3839 255 3880 non
274 3829 375 3898 scias,
400 3829 498 3882 sciat
544 3830 611 3883 Eius
640 3829 833 3886 admonitionis
859 3827 937 3884 video
963 3827 1082 3881 breuiter
1110 3841 1195 3894 nuper

205 3919 368 4002 mentionem
386 3921 514 3994 iniectam
531 3937 548 3975 a
562 3923 697 3986 Lorenaio,
717 3921 839 3976 auditore
857 3920 922 3974 olim
939 3935 1012 3984 meo,
1031 3935 1108 3984 nemo
1125 3935 1193 3986 pree-

200 4010 279 4073 terea,
301 4013 371 4080 quod
390 4013 480 4081 seiam,
500 4017 548 4068 aut
566 4016 782 4069 commemoravit
799 4016 847 4068 aut
865 4010 1193 4082 quaetionedignamrem

202 4103 314 4168 putarit.
