2954 4664
310 303 370 365 150
748 303 807 358 Lib.
826 303 849 357 1.

267 501 365 567 video.
410 502 509 585 Nugae
530 501 577 565 hee
600 519 692 566 meree
715 501 787 566 sunt
809 501 845 565 de
868 521 941 586 agro
963 503 1095 568 Lucano.
1142 501 1259 566 Statius
1278 501 1329 565 hie

267 626 386 690 quoque
407 608 521 672 flumen
544 608 625 691 agris
646 607 819 672 timendum
841 608 1071 672 nominaverat:

369 712 446 778 S'en·
461 713 638 778 Lucanus
660 713 738 777 Acir
760 731 825 777 seu
849 713 1060 798 Thybridis
1079 714 1249 795 impetus
1272 713 1329 776 oet.

266 818 385 884 Acirim
395 819 537 884 Lucaniae
559 819 686 884 fluvium
709 819 790 882 inter
810 819 902 882 Str-im
925 823 956 884 et
978 820 1193 900 Metapontum
1216 817 1328 882 Strabo

268 926 300 989 et
327 924 446 990 Plinius
479 925 657 1001 nominant3
695 944 766 988 eum
791 923 926 1000 Statius,
962 925 1077 990 omissa
1110 925 1330 989 terminatione

268 1028 376 1094 Graeca
397 1030 460 1094 sive
481 1031 635 1095 malumus
657 1030 782 1108 Latina,
808 1029 928 1112 vulgari
954 1030 1052 1094 forma
1080 1030 1245 1114 appellavit
1275 1032 1331 1094 aut

267 1134 377 1198 Acris
398 1135 478 1198 fecit.
852 1149 861 1158 ·

367 1240 438 1304 Dixi
459 1259 559 1324 supra,
582 1241 641 1304 etsi
662 1240 760 1303 multo
782 1237 902 1303 facilius
925 1255 979 1321 pro
998 1241 1176 1306 nominibus
1197 1241 1332 1324 propriis

267 1345 454 1426 appellativa
475 1346 712 1419 substituantur,
735 1345 791 1408 hoo
814 1346 877 1418 est,
905 1365 960 1427 pro
984 1346 1087 1411 minus
1111 1348 1192 1412 notis
1216 1348 1247 1410 et
1267 1366 1331 1412 non

268 1452 452 1531 exspectatis
475 1453 651 1518 communia
676 1452 710 1515 et
734 1451 825 1526 trite,
859 1469 951 1532 quam
973 1454 1095 1528 contra,
1124 1471 1192 1517 esse
1213 1456 1330 1527 tamen,

267 1557 320 1620 ubi
340 1556 372 1619 in
394 1558 645 1639 appellativorum
672 1558 773 1621 locum
802 1575 900 1620 errore
928 1555 1115 1639 subrepserit
1140 1558 1330 1640 propriorum

267 1662 395 1743 species.
437 1662 474 1726 Id
501 1661 640 1744 suspicor
667 1661 814 1726 accidisse
838 1663 870 1725 in
894 1661 993 1739 (XLII
1011 1661 1171 1726 Plutarchi
1191 1663 1330 1728 Aristide

268 1785 294 1832 c.
317 1768 367 1841 25,
389 1767 442 1832 ubi
463 1767 578 1832 editur:
611 1769 682 1832 Καὶ
704 1762 769 1852 yolo
798 1762 838 1830 τσῖ
862 1760 1018 1851 χρήματά
1036 1793 1138 1852 φησιν
1161 1763 1332 1854 (Θεόφρα-

269 1879 360 1950 στος)
391 1879 426 1937 ἐν
448 1865 563 1956 Δήλου
591 1875 853 1957 βουλευομένων
877 1866 1052 1954 Ἀθήναζε
1076 1875 1212 1957 κομίσαι
1237 1871 1330 1960 πυροὶ
1430 1854 1439 1870 ⁸

268 1973 331 2050 τοὶς
353 1971 530 2062 συνθήκας
553 1981 609 2044 καὶ
633 1980 774 2062 Σαμίων
796 1981 1047 2074 εἰσηγουμένων
1070 1984 1180 2045 εἰπεῖν
1203 1987 1333 2047 ἐκεῖνον

270 2077 526 2168 (Ἀριστείδην),
559 2080 605 2162 οἷς
633 2080 675 2152 ου’
704 2086 836 2151 δίκαιον
862 2088 944 2168 μὲν,
976 2088 1148 2169 συμφέρον
1178 2087 1212 2151 δὲ
1238 2082 1332 2152 τοῦτ’

270 2190 370 2255 ἐστίν.
422 2189 504 2256 Nam
532 2190 665 2266 Samios,
697 2211 772 2274 quos
801 2210 864 2254 non
896 2190 1002 2255 multis
1015 2202 1017 2214 ·
1032 2191 1120 2256 annis
1150 2194 1220 2276 post
1246 2210 1333 2259 acres

268 2295 421 2361 libertatis
444 2316 505 2362 auae
528 2297 702 2362 defensores
725 2296 879 2362 exstitisse
901 2296 1059 2374 novimus,
1088 2316 1186 2380 neque
1208 2300 1331 2365 omnino

269 2401 358 2466 huius
382 2383 510 2474 consilii
523 2395 678 2468 adiutores
700 2402 794 2467 fuisse
815 2401 973 2494 probabile
996 2405 1043 2466 est
1064 2399 1161 2485 neq‘uo
1180 2403 1213 2467 id
1234 2406 1330 2470 Athe-

268 2507 316 2572 nis
334 2509 373 2572 ad
389 2508 619 2573 deliberandum
629 2508 821 2591 proposuisse
834 2513 1074 2592 (εἰσηγεῖσθαι)
1082 2511 1128 2592 1);
1150 2511 1258 2592 neque‘
1268 2512 1333 2574 ulla

269 2613 379 2678 ceteris
402 2615 477 2678 locis
500 2615 596 2687 (Prot.
611 2615 814 2686 Periclem,
837 2613 958 2678 Diodor.
982 2615 1041 2680 Sic.
1056 2615 1127 2693 XII,
1150 2615 1199 2688 38,
1223 2615 1331 2679 lustin.

268 2721 327 2799 III,
352 2720 381 2792 6)
416 2719 589 2784 Samiorum
612 2718 730 2784 mentio
757 2719 803 2782 fit.
857 2719 956 2784 Multo
983 2723 1059 2786 mihi
1086 2723 1151 2784 haec
1182 2739 1230 2789 res
1260 2738 1332 2784 curn

266 2818 555 2910 Ἐλληνοταμίσις
576 2825 762 2890 coniunctim
779 2825 911 2898 videtum
931 2823 1035 2910 itaque
1055 2827 1142 2890 ‘valde
1154 2845 1271 2904 vereor,
1294 2845 1332 2890 ne

269 2932 452 2997 Plutarchus
474 2931 630 3013 scripserit
652 2932 706 2994 καὶ
728 2931 806 2994 των
828 2933 988 3015 ταμιῶν
1009 2933 1271 3018 εἰσηγουμένων.

373 3038 484 3116 (XLII)
512 3037 572 3101 Sed
597 3039 634 3100 nt
658 3037 714 3100 hoc
740 3036 894 3100 incertum
921 3038 971 3116 sit,
997 3027 1119 3120 prorsus
1142 3039 1260 3102 certum
1283 3041 1332 3103 est

268 3141 300 3205 in
321 3143 387 3208 vita
405 3144 495 3207 Arati
519 3161 544 3206 o.
565 3142 604 3203 16
626 3141 827 3204 Plutarchum
850 3162 911 3207 non
933 3144 1101 3228 scripsisse,
1125 3143 1206 3226 quod
1228 3143 1330 3207 editur

269 3267 285 3312 c
307 3248 475 3313 codicibus:
500 3235 575 3313 olle
590 3240 875 3330 Ἀκροκόρινθος,
896 3243 1031 3338 ὑψηλόν
1054 3244 1143 3332 ὅρος,
1166 3255 1202 3313 ἐκ
1225 3233 1332 3333 μέσης

269 3347 497 3438 οἷναιιεφσκώς
518 3355 578 3438 τῆς
599 3345 775 3426 Ἑλλάδος.
822 3353 1024 3438 Numaeque
1046 3355 1086 3419 ad
1099 3348 1182 3429 'rem
1209 3355 1248 3420 de
1271 3375 1334 3438 qua

269 3462 371 3545 agitur
392 3461 537 3538 (claustra
548 3459 753 3541 Reloponnesi
762 3459 1017 3524 Acrocorinthum
1029 3465 1109 3540 esse)
1131 3461 1274 3542 pertinet,
1298 3463 1331 3526 in

268 3567 370 3632 media
381 3565 499 3631 Gracia
509 3584 579 3629 eum
593 3583 669 3644 esse,
683 3582 779 3645 neque
793 3564 825 3627 id
835 3565 880 3628 ita
890 3565 985 3630 fuisse
998 3567 1175 3632 Graecorum
1187 3565 1330 3648 opinione

268 3689 398 3754 usquam
420 3669 627 3754 significatur,
656 3671 688 3734 et
708 3671 809 3733 totum
830 3669 888 3733 hoc
909 3689 944 3736 ex
967 3673 1071 3736 media
1092 3671 1210 3737 Graecia
1231 3673 1330 3739 Acro

269 3777 443 3841 corinthum
465 3795 498 3840 se
521 3776 675 3849 extollere,
699 3774 743 3838 sic
765 3773 885 3847 dicitur,
909 3777 996 3858 quasi
1017 3777 1047 3840 in
1068 3776 1186 3858 reliqua
1210 3777 1331 3844 Graeoia

268 3881 360 3965 plana
382 3883 435 3956 aut
457 3899 516 3946 non
538 3882 636 3946 multo
658 3901 746 3946 secus
768 3882 818 3944 hic
834 3899 926 3962 supra
941 3885 1042 3946 cetera
1054 3881 1219 3946 eminuerit
1229 3902 1330 3949 mons.

271 4021 467 4028 —--—--———-.

275 4174 277 4186 Ι
299 4100 322 4166 ¹)
340 4101 415 4171 Legi,
434 4119 492 4170 quae
512 4102 623 4158 Curtius
642 4103 751 4172 scripsit
768 4104 798 4156 in
816 4103 880 4157 hist
901 4102 1008 4157 Gracia
1025 4103 1055 4156 Π
1073 4117 1098 4170 ρ.
1118 4104 1179 4162 139.
