3000 4668
641 251 649 296 ἱ
680 207 742 264 Lib.
762 207 799 263 11.
1174 205 1233 270 301

214 402 315 466 inutili
337 404 370 467 et
390 421 514 485 prorsus
539 421 634 486 prava
659 401 825 485 particula,
858 404 890 467 et
921 403 953 468 in
982 401 1087 468 eodem
1110 419 1200 468 vorsu
1223 419 1277 486 op-

214 507 329 573 tativus
344 509 441 574 nudus
462 526 584 592 prorsus
607 507 727 572 diversa
748 507 969 591 significatione
984 507 1116 591 ponitur.
1155 507 1276 585 (V.162

213 616 298 678 recta
331 633 347 678 e
369 613 493 678 Iuntina
514 601 684 677 anokins
713 614 745 678 et
768 613 924 703 Zieglems
945 606 1130 699 βούλοιντό
1158 639 1200 680 κε
1222 634 1276 697 pro

211 723 247 803 β.
270 725 330 806 γε.)
373 720 480 803 Neque
504 717 730 802 transponendo
751 719 899 788 audacter
917 727 1016 803 neque
1037 720 1187 889 {cleriter
1206 739 1276 784 mu-

213 826 317 903 tando,
339 825 392 890 sed
413 825 504 889 unius
525 823 636 888 litterae
658 824 828 890 mutatione
860 823 969 890 vitium
992 827 1045 889 'ora
1063 825 1138 891 'onis
1162 827 1275 910 partim

213 951 282 996 cnm
317 933 386 996 aliis
417 931 500 996 vitiis
537 932 731 995 coniunctum
765 949 801 995 cx
834 929 882 995 his
918 930 994 996 locis
1028 931 1184 996 sublatum
1218 934 1275 996 cst.

211 1035 344 1101 Restant
377 1035 436 1100 duo
477 1036 621 1102 carminis
657 1035 781 1101 secundi
817 1053 923 1101 versus
957 1036 1030 1112 (124
1058 1037 1090 1101 et
1126 1037 1208 1116 126),
1242 1037 1274 1102 in

213 1159 340 1222 quorum
369 1142 468 1223 priore
494 1144 531 1208 κε’
557 1142 665 1207 vitiose
691 1143 827 1226 ponitur,
855 1141 887 1205 in
915 1141 1011 1206 altero
1039 1142 1163 1216 vitium,
1194 1143 1275 1226 qnod

212 1245 310 1310 videri
332 1247 428 1328 possit
453 1247 485 1311 in
517 1249 553 1312 κε’
573 1267 651 1326 esse,
673 1247 745 1312 alibi
766 1247 852 1312 latet.
906 1247 988 1312 Nam
1010 1267 1038 1312 v.
1064 1248 1125 1310 124
1146 1249 1215 1326 (noi
1236 1242 1274 1334 μ’

212 1355 243 1416 εἰ
270 1357 335 1434 μέν
358 1345 396 1415 κ’
418 1353 587 1440 tielensis,
620 1346 694 1420 τάδ’
733 1344 775 1438 ἧς
805 1352 913 1436 φίλα),
947 1371 1038 1436 quem
1071 1353 1121 1417 vel
1155 1351 1275 1436 positus

211 1456 397 1540 pronominis
418 1459 563 1526 vitiosum
586 1479 653 1525 esso
676 1459 792 1544 arguit
823 1461 856 1524 εἴ
881 1483 916 1523 κε
951 1459 1000 1541 (ιτ
1028 1453 1102 1541 ἐάν)
1131 1459 1273 1543 δι’χησθε

210 1559 399 1646 significarat
430 1565 465 1629 si
496 1565 745 1650 receperitis,
782 1568 812 1643 εἰ
847 1558 877 1629 a'
914 1563 1069 1649 ἐδίχεσθε
1102 1563 1179 1656 nihil
1211 1549 1273 1640 est3

211 1669 289 1751 quod
305 1669 457 1737 sententia
471 1671 607 1754 requirit,
625 1671 668 1737 sic
684 1669 809 1736 dicitur:
833 1672 887 1736 toi
909 1673 948 1734 εἴ
968 1672 1032 1752 μὲν
1054 1663 1091 1752 μ’
1107 1670 1271 1755 ἐδέχεσθι.

210 1771 340 1840 Videtur
376 1777 524 1858 scriptum
564 1776 674 1843 firisse:
714 1776 770 1844 aci
809 1771 839 1864 ῥ’
873 1781 903 1842 εἰ
933 1781 999 1860 μὲν
1034 1770 1072 1860 μ’
1107 1776 1272 1862 stipante.

209 1879 246 1942 V.
270 1882 374 1946 antem
400 1883 457 1944 126
481 1883 518 1948 κέ
538 1887 621 1951 recte
641 1883 746 1962 habet,
768 1883 820 1948 sed
841 1887 872 1948 εἰ
892 1882 997 1950 addito
1009 1901 1132 1964 prorsus
1154 1883 1275 1948 tollitur

210 1987 378 2062 sementim
409 2007 506 2072 neque
538 1990 620 2054 enim
647 1988 783 2054 condicio
810 1989 945 2071 ponitur,
972 1987 1027 2053 sed
1051 1985 1171 2063 dicitur,
1201 1988 1273 2071 qnid

209 2089 336 2166 invenis,
360 2094 387 2157 si
411 2097 557 2178 receptus·
573 2095 684 2160 fuisset
703 2100 782 2178 (quae
814 2093 949 2159 condicio
973 2077 1178 2177 snperioribns
1200 2112 1274 2159 con-

209 2199 345 2277 tinetur),
367 2199 509 2264 facturus¹
526 2187 632 2266 fuerit:
796 2203 799 2208 '

219 2341 221 2348 v
256 2291 356 2370 εὗδον
378 2298 407 2368 τ’
429 2300 452 2390 ἦ
474 2329 511 2369 ua
531 2297 644 2390 ’μόνον
666 2308 708 2372 τό·
731 2301 837 2372 καλὸν
857 2299 968 2392 ’στόμα
994 2289 1073 2379 croc
1094 2305 1250 2388 ἐφίλησα,

211 2412 249 2474 et
271 2411 500 2476 dormissem
516 2416 588 2478 *ant
607 2415 755 2478 tantum
778 2413 974 2478 osculatos
996 2409 1128 2479 e'ssem.
