2944 4660
585 287 757 342 Prooemium.
1141 287 1161 352 3

134 487 232 549 levem
255 503 382 568 operam
405 484 560 548 tribuisse.
608 483 688 547 Tum
711 485 816 548 autem
839 485 923 549 edita
944 505 972 550 a.
997 486 1077 548 1842
1099 505 1203 569 gram·

135 591 253 655 maticee
281 591 399 656 Latina
426 591 508 666 arte,
543 607 613 653 oum
643 589 804 653 consilium
832 590 982 671 cepissem
1011 591 1051 654 ad
1073 592 1202 656 eandem

134 697 262 762 formam
293 696 430 780 syntaxis
454 695 567 760 Graecae
590 695 823 775 componenda,
854 695 941 760 enixo
963 697 1066 762 studio
1094 699 1203 780 praeter

135 803 303 866 Homerum
325 801 578 883 Herodotumque
600 799 721 864 Atticos
744 801 905 882 scriptores
936 805 967 866 11
987 821 1084 884 prosae
1109 807 1203 869 orati-

135 911 196 974 onis
219 909 252 972 et
273 909 380 989 poetas
402 905 483 990 legi,
505 906 643 988 capique
665 906 752 988 quasi
773 906 880 970 furtim
896 906 1019 972 (1111111
1042 909 1203 992 scriptores

136 1033 291 1090 enarrare,
315 1011 438 1076 omissis
460 1013 565 1076 tamen
587 1011 695 1094 poetis,
724 1031 799 1094 quos
827 1032 918 1078 arna
941 1013 1054 1078 scholis
1076 1016 1203 1082 tractari

134 1119 251 1202 collega
274 1120 305 1182 et
334 1119 451 1182 amicus
473 1136 553 1201 aegre
574 1119 692 1182 laturus
716 1119 791 1183 erat,
836 1119 956 1184 Critioae
979 1119 1203 1189 emendationis

134 1243 218 1306 seges
247 1221 338 1286 initio
370 1223 430 1286 etsi
462 1222 581 1305 aliqua,
615 1223 721 1288 tamen
752 1243 811 1288 non
839 1224 884 1288 ita
912 1243 1026 1308 magna
1055 1227 1193 1307 provenit

134 1330 210 1410 quod
232 1347 332 1412 neque
353 1328 431 1392 illud
454 1330 529 1392 artis
553 1329 718 1394 condendae
741 1329 774 1393 11
793 1329 826 1392 in
849 1329 939 1410 pleno
956 1330 1203 1396 testimoniorum

133 1435 333 1498 fundamento
355 1433 575 1498 constituendae
603 1434 763 1498 consilinm
792 1433 845 1498 diu
871 1435 903 1498 in
934 1436 1063 1520 singulis
1089 1439 1203 1504 morari

133 1559 181 1604 me
214 1540 339 1603 sinebat
366 1555 464 1620 nequa
495 1537 528 1602 in
564 1539 704 1604 codicum
731 1539 907 1606 Graecorum
940 1541 1146 1608 aetimatione
1172 1547 1204 1610 11

133 1665 188 1709 111
210 1663 291 1718 earn,
315 1663 376 1726 qua
396 1663 472 1726 opus
494 1645 558 1720 ese,
585 1643 833 1710 exercitationem
855 1647 1007 1711 habebam
1029 1649 1203 1729 nequedum

27 1747 29 1762 '
133 1751 205 1814 satia
241 1750 385 1832 prompte
422 1752 454 1814 11
486 1749 626 1814 celeriter
667 1751 770 1814 omnia
801 1769 837 1815 ex
876 1771 1016 1816 sermone
1049 1754 1081 1818 et
1112 1755 1202 1821 rebus

132 1855 298 1919 meditanti
325 1855 555 1920 succurrebant.
605 1855 679 1935 Quae
708 1857 833 1939 quidem
864 1860 896 1922 et
923 1859 961 1922 de
988 1857 1109 1939 legibus
1138 1877 1203 1922 ser·

131 1963 232 2026 monis
263 1960 396 2025 iudicavi
426 1961 615 2043 praecepique
639 1964 671 2025 11
693 1962 891 2029 coniectando
914 1965 1041 2030 conatus
1066 1981 1144 2040 sum,
1167 1983 1203 2028 11

131 2067 209 2131 mihi
246 2067 424 2130 etiamnunc
455 2067 519 2130 fere
549 2067 654 2130 omnia
679 2069 890 2154 probantnr¹).
944 2069 1101 2134 Interiecti
1132 2073 1204 2136 sunt

130 2174 194 2236 tres
218 2171 292 2236 anni
314 2172 346 2235 11
366 2171 456 2253 paulo
477 2172 557 2254 plus,
580 2173 690 2254 quibus
714 2176 753 2238 ab
776 2175 933 2243 academia
954 2173 1049 2251 abfui,
1071 2177 1203 2259 negotiis

131 2278 264 2359 publicis
300 2279 476 2359 occupatus.
553 2278 705 2343 Redditus
742 2279 908 2344 academia
944 2279 983 2342 ab
1014 2279 1103 2344 initio
1130 2282 1202 2346 anni

133 2382 214 2445 1852
242 2382 370 2446 liberius
399 2383 477 2460 iam,
515 2385 657 2466 quoniam
686 2385 749 2449 tres
780 2403 901 2448 eramus
931 2383 1105 2468 philologiae
1133 2406 1203 2469 pro·

131 2487 283 2566 sessores,
324 2488 446 2565 Graeca,
487 2490 580 2554 etiam
620 2492 743 2571 poetas,
786 2491 897 2556 scholis
942 2492 1075 2558 tractare
1116 2493 1202 2574 coepi,

133 2593 260 2670 deinde,
296 2594 414 2678 collega
448 2597 564 2660 maiore
600 2597 676 2660 natu
703 2598 774 2680 post
802 2597 918 2678 aliquot
947 2615 1042 2660 annos
1072 2600 1203 2678 mortuo,

132 2700 233 2763 multo
266 2701 415 2764 maiorem
448 2702 619 2767 scholarum
652 2704 683 2766 et
705 2703 893 2768 'studiorum
929 2704 1049 2782 partem
1088 2703 1203 2772 Graecis

133 2806 226 2868 rebus
249 2807 282 2868 et
302 2806 501 2887 scriptoribus
522 2808 627 2884 tribui,
648 2809 708 2872 nisi
730 2808 809 2892 quod
831 2827 885 2889 per
906 2808 968 2871 tres
990 2809 1243 2908 1111111111,-

133 2912 269 2974 multum
303 2911 361 2974 sibi
390 2911 571 2990 vindicavit3
612 2916 762 2997 quantum
794 2913 905 2978 studiis
936 2912 1121 2978 detraxerint
1149 2936 1203 2980 ne-

133 3017 218 3098 gotia
249 3017 336 3080 extra
356 3019 546 3082 academiam
568 3040 587 3084 a
616 3039 666 3084 me
688 3021 785 3095 obita,
808 3017 1072 3082 111]οό11111111.-
1094 3020 1202 3104 Itaque

134 3124 167 3185 et
198 3125 236 3186 ut
269 3139 372 3187 rerum
406 3123 600 3206 historiaeque
633 3127 664 3189 et
694 3125 906 3190 institutorum
937 3123 1003 3204 ipse
1034 3125 1203 3208 imaginem

134 3229 173 3292 ad
195 3228 379 3294 testimonia
399 3233 503 3296 vetera
530 3231 698 3314 exigerem,
729 3233 761 3294 et
781 3231 956 3294 litterarum
985 3229 1104 3310 plenius
1131 3250 1203 3314 cog-

133 3333 361 3400 noscendarum
391 3338 423 3400 11
451 3337 601 3402 sermonis
632 3337 727 3417 copiae
756 3336 902 3420 augendae
926 3355 1016 3400 causa
1044 3337 1202 3402 eteorum

133 3442 337 3524 scriptorum,
370 3443 421 3524 qni
443 3445 514 3506 ante
536 3443 743 3508 Alexandrum
776 3443 915 3518 fluerunt,
943 3459 1034 3522 opera
1055 3441 1151 3525 relegi
1173 3446 1205 3508 et

161 3727 184 3794 ¹)
205 3729 295 3794 Quam
313 3726 453 3780 habuerim
471 3727 611 3780 collectam
629 3725 768 3780 materiam
793 3725 827 3779 ad
850 3726 980 3778 sermonis
1002 3724 1114 3778 formam
1136 3744 1204 3796 111-

206 3821 298 3889 ceptis
324 3819 606 3890 comprehendendam,
630 3817 746 3887 perspici
770 3817 825 3871 lere
844 3820 933 3886 potest
951 3833 982 3870 ex
1000 3817 1093 3872 libello
1113 3820 1204 3887 paucis

205 3916 275 3967 noto
295 3913 323 3964 et
340 3910 379 3963 ita
397 3911 491 3964 vitiose
510 3911 584 3980 typis
602 3909 744 3978 descripto,
763 3913 795 3962 ut
813 3909 916 3978 aliquot
933 3911 998 3964 locis
1017 3927 1124 3978 prorsus
1142 3927 1204 3964 con-

204 4005 303 4066 traria,
323 4005 403 4069 atque
421 4002 503 4065 volui,
524 4001 658 4057 dicantur:
684 4001 889 4070 Bemerlrungeu
908 4002 975 4056 iiber
993 4002 1083 4072 einige
1097 4003 1204 4058 Punite

205 4099 257 4153 der
276 4093 461 4166 griechischen
479 4095 750 4164 Wortffigungslehre
769 4097 846 4150 1848.

975 4188 1006 4237 1*
