3000 4668
310 267 373 330 314
731 268 794 323 Lib.
812 269 865 324 111.

270 473 303 534 et
313 469 446 533 aeristus
456 469 523 549 ipse
533 487 588 549 pro
599 468 789 549 imperfecte.
812 466 1012 532 Scribendnm
1024 467 1331 554 videturnpeon'er

269 571 334 647 ἅν,
370 577 445 656 quot
475 573 655 650 solvissent,
692 574 719 637 si
740 571 865 637 Seutbae
893 575 1032 655 tempore
1056 577 1137 671 redo
1157 578 1332 644 baberetur.

270 679 459 751 (Classenius
491 671 702 764 προσήισαν,
738 680 871 743 busitu
898 678 938 742 ad
964 680 1132 760 pluralem,
1163 687 1200 748 ut
1231 677 1330 769 φόροι

270 784 421 856 audiatur,
442 785 493 848 uix
513 785 690 862 tolerabili.)
705 782 719 793 ‘

371 890 436 954 Ibd.
460 891 510 967 97,
530 893 561 954 5.
607 891 692 954 Num
713 891 790 972 περὶ
812 890 882 953 τών
904 887 1147 974 παριόντων
1174 905 1241 976 (pro
1263 897 1334 960 τῶν

271 989 467 1080 παρόντων)
491 1001 525 1068 ἐς
546 991 609 1060 τάν
636 997 716 1080 βίον
745 1006 826 1078 (quae
847 996 880 1060 in
901 997 999 1062 vitem
1019 999 1159 1064 insidunt
1177 1003 1210 1066 et
1229 1003 1334 1066 ineur-

270 1106 350 1180 runt,
373 1094 664 1188 παραονγχάνει)λ

371 1209 439 1272 Lib?
460 1208 516 1280 ΙΙΙ,
538 1209 569 1282 3,
591 1215 627 1270 4:
649 1199 691 1271 τά
712 1232 748 1270 το
771 1203 856 1272 ἄλλα
878 1207 948 1272 τοῖν
967 1211 1088 1294 τειχῶν
1110 1214 1164 1277 καλ
1188 1214 1335 1293 λιμίνον

272 1318 349 1399 περὶ
380 1308 422 1378 τά
450 1304 655 1396 ἤμιιὲλεοτα
684 1306 905 1395 φραξάμενοι.
966 1314 1037 1380 Iure
1069 1317 1188 1383 haerent
1218 1318 1253 1382 in
1285 1318 1336 1384 his

272 1425 349 1505 περὶ
371 1417 412 1486 τά
436 1415 641 1503 ἠμιτέλεοτα
662 1421 695 1482 et
718 1419 751 1482 iu
773 1411 984 1501 φραξάμενοι
1010 1421 1077 1486 sine
1105 1424 1238 1498 obiecto,
1276 1442 1335 1488 neo

271 1530 348 1596 bene
369 1545 403 1591 se
426 1525 599 1607 expediunt
644 1523 867 1588 Scribendum:
897 1517 939 1592 τά
961 1553 998 1592 τε
1019 1524 1107 1592 ἄλλο
1128 1530 1196 1594 τάν
1216 1530 1336 1615 τειχόν

273 1636 327 1699 καὶ
351 1633 497 1716 λιμένων
519 1631 637 1712 πέριξ
659 1623 701 1692 τά
724 1623 927 1712 ήμιτέλοοοο
949 1630 1174 1718 φραξάμενοι.

372 1738 439 1802 Ibd.
476 1741 522 1812 12,
556 1737 574 1795 2
612 1734 656 1811 (in
688 1734 935 1818 Mitylenaeerum
967 1738 1049 1818 apud
1085 1739 1333 1804 Iueedaernonios

273 1847 435 1920 oratione):
458 1845 505 1906 Εἰ
533 1835 599 1926 γάρ
627 1840 766 1905 δυνατοὶ
789 1831 879 1923 ἧμιν
901 1847 935 1906 ἐκ
958 1842 1020 1907 τοῦ
1047 1845 1123 1910 ἴσον
1152 1848 1207 1910 eui
1234 1837 1337 1908 άντε-

273 1950 500 2036 πιβονλείοαι
523 1949 577 2012 καὶ
608 1939 855 2030 (ι’ντιριιολλῆοοιι1
887 1975 938 2019 τι,
975 1950 1042 2014 ἔδει
1074 1945 1169 2035 ἡμᾶς
1205 1958 1242 2018 ἐν
1274 1941 1336 2016 ueri

274 2052 398 2141 ὁμοίου
420 2048 473 2119 ἐπ’
496 2055 638 2124 ἐκείνοις
659 2052 758 2117 εἶναι.
808 2053 972 2124 Manifesto
998 2055 1145 2122 vitiosum
1172 2061 1222 2123 est
1243 2050 1339 2122 άντι-

272 2163 454 2248 μελλῆσαι,
491 2177 553 2224 nen
579 2159 658 2241 quod
679 2158 864 2224 inusitatum
884 2160 942 2234 sit,
967 2179 1026 2232 uec
1046 2163 1170 2226 tentum
1190 2163 1231 2227 eb
1250 2163 1338 2227 eddi·

270 2273 339 2334 tum
361 2268 405 2340 nt·
421 2267 497 2330 ‘etsi
517 2265 576 2329 boe
597 2283 653 2346 per
674 2283 708 2329 se
729 2264 803 2328 ferri
823 2265 929 2347 nequit
954 2270 1041 2342 (nem
1062 2267 1096 2330 ei
1118 2269 1159 2333 nd
1181 2268 1335 2334 actionem

271 2376 406 2457 aliquem
437 2371 600 2453 pertinet),
637 2370 691 2434 sed
720 2370 800 2451 quod
826 2372 894 2436 tota
920 2372 1076 2438 sententie
1102 2390 1247 2454 perverse
1278 2375 1335 2440 est

270 2482 353 2546 Num
375 2495 444 2544 eum
466 2478 567 2541 orator
588 2476 628 2540 sb
649 2476 856 2557 attenuante
878 2476 938 2542 sibi
957 2477 1049 2545 obiici
1062 2479 1170 2562 finget,
1192 2479 1336 2544 debuisse

270 2585 397 2651 Lesbios
419 2578 474 2648 διά
492 2575 555 2667 τήν
570 2582 638 2646 τῶν
649 2574 852 2663 Ἀθηναίων
871 2585 1037 2666 μέλλησιν
1058 2587 1127 2650 τῶν
1149 2591 1183 2658 ἐς
1204 2580 1336 2658 adseris

271 2690 390 2756 δεινῶν
406 2682 533 2760 αὐτούς
548 2681 809 2770 devenensium,
831 2690 1081 2773 respondeatque,
1104 2693 1131 2757 si
1140 2693 1254 2776 agendi
1263 2692 1335 2774 ipsi,

269 2796 548 2870 ntAtbeuienses,
575 2792 739 2858 arbitrium
766 2793 960 2868 habuissent,
992 2796 1070 2860 illud
1096 2815 1226 2880 aequum·
1239 2797 1335 2864 fuisse

269 2905 317 2979 (ut
340 2903 403 2967 illis
431 2900 646 2966 ennetentibus
678 2898 774 2962 etiam
799 2899 860 2980 ipsi
892 2899 1134 2981 cunctarentur),
1170 2903 1219 2981 id,
1253 2904 1335 2986 quod

269 3008 437 3091 significari
469 3006 597 3089 putatur
623 3003 716 3068 uerbo
742 2997 1010 3088 α’νιιμελλὴσαι,
1044 3023 1105 3072 uon
1124 3008 1158 3072 iu
1179 3007 1335 3074 sententie

269 3113 479 3178 condicionem
499 3109 677 3175 continente
703 3109 776 3190 poni
803 3109 953 3186 debebat,
981 3112 1037 3176 sed
1065 3112 1098 3176 in
1120 3113 1333 3179 eouseeutione

269 3220 302 3282 et
329 3210 493 3283 αἰιοδόσει
523 3215 602 3294 (ἔδει
625 3207 741 3296 ἡμᾶς).
797 3215 901 3298 Atque
927 3215 985 3280 boc
1006 3217 1213 3285 Heilmeuuus
1228 3273 1231 3282 ,
1244 3219 1331 3300 vidit,

267 3323 323 3389 sed
340 3325 464 3408 ,frustm
490 3323 529 3386 ab
562 3314 808 3403 α’νιιμελλῆσαι
846 3325 928 3395 (eum
961 3322 1072 3387 vitioso
1105 3325 1150 3404 el)
1187 3324 1333 3406 upodesin

267 3427 361 3492 ordiri
383 3431 512 3492 uenatus
543 3430 606 3505 est,
640 3446 711 3492 nen·
732 3428 819 3490 reete
843 3423 897 3489 illo
937 3427 1003 3492 ἔδει
1028 3430 1068 3494 ab
1088 3429 1176 3494 initio
1196 3431 1331 3504 remotee

266 3551 365 3616 neque
388 3535 470 3598 enim
491 3527 737 3617 α’νιιμελλῆσαι
766 3531 831 3596 ulle
857 3531 950 3596 modo
972 3535 1117 3618 coniungi
1138 3535 1241 3616 potest
1263 3553 1333 3600 eum

268 3632 321 3704 ἐπ’
344 3640 485 3712 ἐκείνοις
508 3639 611 3716 εἶναι,
642 3637 766 3704 etiamsi
787 3636 881 3718 (qued
895 3629 974 3718 'post
993 3640 1188 3724 Kruegernm
1209 3639 1334 3704 diesse-

266 3745 335 3808 nius
357 3743 445 3826 feeit)
466 3746 499 3810 iu
526 3738 580 3810 ἐπ’
605 3744 754 3816 ἐκείνους
773 3741 863 3807 ’ἰέναι
892 3745 1039 3810 muutur.
1089 3744 1172 3810 Nem
1193 3745 1334 3810 additum

268 3855 303 3915 ἐν
325 3851 389 3916 τοὺ
403 3845 528 3933 ὁμοίου
542 3850 677 3918 ostendit
687 3849 738 3914 bie
750 3848 875 3912 demum
887 3849 919 3912 id
929 3850 1104 3934 significari,
1127 3850 1209 3932 qnod
1229 3850 1334 3914 Lesbii

265 3956 552 4022 feneredebuerint.
586 3949 697 4038 itaque
716 3953 763 4018 sie
784 3954 980 4026 scribendum
1003 3957 1066 4021 est:
1089 3959 1120 4021 εἰ
1140 3952 1207 4042 γάρ
1231 3955 1334 4021 δονα-

266 4062 317 4126 ιολ
341 4053 435 4147 ἧμιν
458 4068 493 4126 ἐν
515 4062 578 4127 τοῦ
600 4063 677 4127 ἴσον
705 4063 760 4128 καλ
790 4055 1098 4147 άντιπιβονλιῦοαι
1127 4062 1184 4131 καλ
1211 4063 1234 4126 α’
1242 4085 1332 4126 νοι-
