2954 4664
619 261 686 322 Libo
694 263 717 318 1.
1120 262 1161 328 89

142 456 247 534 ducat,
277 457 311 520 in
332 456 419 525 cuius
442 457 579 524 oratione
601 477 655 542 pro
676 459 713 524 P.
735 458 876 540 Quinctio
899 459 938 522 75
959 460 1024 524 baec
1044 459 1202 545 leguntur:

141 581 251 626 unum
288 564 419 636 tamen
445 553 522 628 hoo-
541 561 667 642 (testes,
697 565 749 654 qui
775 566 815 630 ab
842 565 1015 632 adversario
1041 567 1201 649 parantur)

141 666 336 750 cogitent,
358 665 416 732 ite
436 687 475 733 se
496 687 634 752 graues
656 688 761 748 esse,
782 671 837 747 ut,
868 670 900 734 si
920 669 1124 754 veritatem
1145 691 1204 736 ve-

141 771 215 838 lint
256 773 710 856 retinere,.gravitatem
745 775 896 858 possint
936 776 1127 852 obtinere;
1172 777 1205 842 si

141 895 221 942 eam
242 877 461 962 neglegere,
493 878 548 944 ita
577 878 684 944 leves
711 879 805 957 sint,
832 882 874 946 nt
895 881 1204 960 omposintelle·

141 985 248 1066 gant,
271 1001 341 1048 non
366 983 410 1047 ad
431 984 676 1075 obtinendum
704 986 960 1064 mendacium,
986 985 1051 1050 sed
1077 986 1125 1050 ad
1145 1005 1204 1050 vc·

142 1107 220 1152 rum
246 1088 483 1172 probandum
512 1090 782 1159 auctoritatem
817 1091 1009 1156 adiuvare.
1052 1091 1203 1170 Primum,

142 1193 168 1258 si
183 1195 216 1258 et
236 1193 374 1278 gravitas
397 1196 429 1260 et
448 1195 558 1260 levitas
581 1199 902 1274 commemorarentur,
923 1196 1074 1262 debebant
1088 1196 1153 1262 hece
1168 1216 1204 1260 er

142 1317 227 1382 ecquo
254 1298 344 1382 poni:
379 1298 436 1364 ita
468 1320 507 1364 se
538 1319 676 1384 graves
700 1321 783 1368 esse
888 1303 943 1380 ita
969 1302 1072 1367 leves
1104 1321 1202 1380 esse;

142 1423 336 1487 perversum,
358 1405 385 1470 si
409 1405 482 1488 quid
506 1405 605 1486 aliud,
636 1409 698 1472 est:
729 1391 786 1472 ita
807 1427 845 1472 se
866 1426 1009 1492 graves
1033 1410 1204 1484 esse,·ut

143 1510 194 1574 ita
229 1511 335 1574 leues
368 1511 462 1587 sint;
496 1511 604 1578 deiude
629 1514 734 1594 aperte
765 1513 810 1578 sic
839 1513 990 1599 contraria
1020 1512 1113 1594 priori
1139 1513 1208 1596 baec,

143 1613 265 1696 ponitur
283 1615 433 1682 condicio:
461 1617 495 1682 si
517 1635 597 1682 eam
623 1618 831 1702 neglegere
853 1617 973 1700 (audito
995 1636 1030 1682 ex
1051 1617 1204 1700 superiore

143 1721 279 1784 membro
300 1721 456 1805 velint),
482 1725 517 1788 ut
539 1721 633 1810 etiam
655 1723 827 1814 consecutio
852 1724 908 1805 (ut
937 1740 1063 1788 omnes
1090 1722 1204 1786 intel·
1273 1734 1277 1746 ’

143 1824 285 1910 legant)
302 1845 338 1892 er
360 1828 467 1892 eodem
493 1829 561 1912 (ita
582 1847 620 1894 se
643 1847 781 1912 graves
804 1829 900 1912 esse)
923 1827 1055 1912 pendere
1078 1826 1203 1902 dobeat;

143 1933 295 2018 postremo
317 1933 376 1998 boc
403 1932 523 2016 ipsum:
550 1935 592 2004 ut
618 1951 744 1998 omnes
772 1933 1025 2018 intellegant,
1131 1949 1204 1998 auo·

29 2025 31 2114 ,
144 2031 309 2098 toritatem
335 2025 516 2102 adiuvare
538 2039 709 2104 necessario
737 2058 796 2104 non
820 2038 860 2104 ad
882 2038 1043 2102 levitatem
1064 2037 1203 2114 refertur,

29 2189 30 2192 η
144 2137 249 2221 inqua
263 2140 350 2204 nulla
366 2143 414 2206 est
432 2144 605 2220 auctoritas,
627 2144 683 2208 sed
702 2143 741 2208 ad
756 2144 951 2228 gravitatem.
982 2144 1089 2226 Itaque
1104 2141 1204 2208 omnis

29 2329 30 2336 ἵ
145 2244 296 2309 sententia
307 2247 441 2328 pertinet
457 2249 496 2312 ed
512 2248 698 2332 gravitatem
708 2248 874 2314 finiendam
887 2251 918 2314 et
935 2247 1161 2314 terminandam
1173 2247 1206 2312 ct
1329 2323 1331 2332 χ

29 2355 31 2424 ξ
144 2352 314 2416 necessario
336 2351 381 2416 sic
403 2352 552 2418 decurrit:
580 2352 638 2417 ita
654 2353 724 2436 (hoe
741 2356 798 2434 est,
815 2355 964 2420 hactonus
980 2355 1011 2420 et
1024 2355 1085 2438 hac
1101 2352 1205 2422 condi-

30 2489 31 2492 *
143 2455 291 2539 cione)se
306 2476 549 2542 gravescere,
564 2459 614 2536 ut,
629 2459 1204 2549 siveritatemvelintretinsre,

30 2573 32 2586 ¹
144 2563 369 2644 gravitatem
390 2564 543 2646 possint
563 2563 746 2644 obtinere,
769 2566 803 2630 si
824 2584 903 2630 eam
925 2565 1142 2648 neglegere,
1165 2565 1205 2626 ut

145 2685 272 2732 omnes
294 2667 539 2752 intellegant,
560 2672 630 2748 cet,
650 2671 779 2736 sublatis
798 2670 899 2735 verbis
913 2670 969 2734 ita
990 2670 1095 2734 leves
1118 2669 1205 2748 sint,

144 2791 209 2854 quse
232 2773 338 2838 addita
370 2775 443 2840 sunt
470 2775 508 2842 ab
535 2775 651 2859 aliquo,
684 2776 861 2860 quinoque
882 2774 1040 2858 particule
1063 2773 1121 2839 ita
1142 2774 1205 2839 vim
1276 2821 1277 2826 η

144 2896 240 2962 neque
254 2878 388 2962 duplicis
404 2880 436 2944 et
447 2882 610 2966 ⁴contraries
625 2882 784 2948 sententies
798 2880 880 2960 inde,
896 2881 1011 2964 duplici
1029 2878 1206 2973 condicione

144 2984 251 3066 posita,
274 2985 435 3068 pendentis
456 2985 607 3052 rationem
627 2987 821 3054 intellexerat
831 2987 866 3068 ¹).
909 2986 1001 3069 Apud
1023 2985 1153 3049 eundem
1173 2981 1206 3046 in

145 3092 219 3155 orat.
240 3111 295 3174 pro
310 3091 429 3156 Cluent.
455 3091 514 3152 199
530 3092 575 3156 sic
596 3092 756 3158 scribitur:
779 3094 891 3175 atque
915 3091 1030 3156 etiem
1055 3088 1208 3155 nomina

146 3196 491 3274 necessitudinum,
512 3216 583 3262 nou
605 3197 726 3264 solum
748 3199 890 3264 naturae
913 3215 1046 3262 nornen
1067 3197 1105 3260 et
1124 3195 1207 3258 iura

148 3301 277 3385 (Sassia)
298 3303 479 3390 mutavit,
506 3322 597 3386 uxor
625 3304 771 3388 generi,
799 3293 964 3370 noverca
991 3301 1085 3378 filii,
1111 3299 1206 3364 filiae

148 3407 282 3488 pellex.
325 3408 405 3474 Miro
426 3427 462 3474 er
483 3409 583 3473 altera
603 3408 691 3490 parte
713 3409 878 3488 nomina,
900 3428 936 3474 ex
958 3409 1055 3472 altera
1075 3423 1207 3470 nomen

148 3577 342 3592 ...ρ-...-

175 3675 275 3742 ¹)'Hac
294 3671 478 3729 emendatione
496 3689 556 3727 cum
580 3671 688 3728 Halmio
707 3673 902 3727 communicata
924 3673 1057 3744 Kayserus
1075 3687 1138 3726 usus
1157 3673 1207 3726 est.

200 3769 257 3822 ‘De
279 3771 329 3832 nt,
354 3766 426 3836 quod
452 3767 536 3820 semel
557 3766 674 3835 positum
697 3766 804 3835 utrique
828 3765 947 3820 membro
971 3765 1122 3820 sufficiebat
1147 3765 1207 3833 (nt,

218 3862 245 3915 ri
264 3903 271 3916 .
291 3901 299 3917 .
317 3900 337 3925 .,
361 3859 508 3929 possint,
533 3859 561 3912 si
580 3899 587 3912 .
607 3897 613 3910 .
633 3899 654 3923 .,
678 3849 792 3928 omnes
810 3858 1032 3929 intellegant),
1059 3860 1121 3913 ante
1139 3858 1207 3912 alto·

218 3970 275 4008 rem
298 3952 460 4008 sententiam
488 3953 685 4026 consecutivam
711 3951 827 4020 repetito
859 3951 915 4006 dixi
944 3951 1061 4006 breviter
1087 3949 1122 4006 ad
1151 3948 1208 4005 Cio.

219 4043 537 4116 mmffiwpffi.
