3000 4668
639 325 699 380 Lib.
718 327 771 382 111.
1127 325 1188 388 307

175 531 182 544 ‘
271 523 338 590 Lib.
362 526 386 603 Ι,
411 527 459 602 12,
484 527 518 589 1:
549 527 602 590 κοί
627 517 760 596 στσίσεις
790 529 826 588 ἐκ
847 537 922 608 ταῖς
944 517 1084 591 πόλεσιν
1106 518 1151 597 uic
1179 527 1233 590 ἐπί

168 628 210 696 τό
248 627 338 696 πολύ
373 631 560 717 ίμίγυουτο,
595 623 652 715 ἀφ’
686 617 731 694 oio
765 631 989 702 ἐκπίπτοντες
1020 625 1084 704 τιίς
1117 623 1235 702 πόλεις

171 743 311 816 ἔκτιζον.
330 757 333 764 ·
354 737 519 812 haberent,
540 739 576 800 ut
598 736 760 804 ausuum
783 736 814 799 in
837 731 899 808 τοίς
919 731 1039 810 πόλεις
1062 737 1235 820 expediant,

167 845 294 920 frustra,
318 843 437 926 opinor,
460 851 530 907 cuni
551 859 606 925 per
628 859 671 918 se,
695 842 763 904 tum
784 843 916 906 maxime
937 845 1062 926 propter
1093 843 1127 936 id
1156 843 1235 926 quod

169 935 332 1032 praecedit,
362 954 398 1012 ίυ
425 962 499 1020 ταῖς
527 941 677 1012 πόλεσιν.
727 945 926 1012 Scribendum
949 948 1084 1014 videtur:
1108 941 1167 1032 ἐφ’
1190 939 1235 1013 τίκ

171 1053 396 1126 ἐκπίπτοντες
419 1059 512 1125 υιύς
534 1045 651 1123 πόλεις
674 1053 846 1130 ὲ’κτιζσυ.’)

268 1159 338 1224 {bd
367 1159 417 1236 37,
440 1161 475 1222 3:
510 1151 603 1232 ὅπως
626 1153 710 1222 aurei
738 1152 849 1241 μόνος
878 1151 1014 1224 οἷδικώοι
1045 1149 1099 1224 καί
1130 1156 1234 1235 ὅπως,

171 1269 208 1328 ἐν
241 1252 266 1346 ᾦ
297 1269 362 1348 μὲν
389 1259 433 1331 ἆυ
461 1267 622 1349 κρατῶσι,
649 1257 852 1349 βιάζωνται,
887 1253 983 1330 od'd’
1014 1261 1060 1328 ιῖυ
1088 1261 1234 1339 λάθωσι,

170 1363 438 1465 πλίοκγέχωοικ,
470 1367 516 1454 ἢκ
547 1372 582 1436 δέ
611 1365 680 1436 πού
707 1397 738 1435 τι
767 1361 1021 1455 προσλάβωσιν,
1053 1365 1236 1457 αὐαισχυν-

169 1476 282 1543 τὼσικ.
325 1475 395 1540 Non
415 1478 583 1560 respondet
603 1477 807 1560 superioribus
821 1477 941 1542 duobus
953 1476 1072 1542 iniuriae
1087 1477 1235 1541 boiendae

168 1581 334 1666 generibus
367 1585 399 1647 et
430 1583 640 1652 occasionibus
674 1585 845 1650 extremum
881 1575 1116 1667 προσλάβωσι,
1154 1583 1235 1666 quod

168 1686 311 1751 universe
337 1687 460 1752 omnem
485 1707 589 1753 rerum
611 1685 829 1756 accessionem
847 1689 1013 1773 significan
1038 1673 1236 1772 respondebit

170 1785 450 1876 προλίβωσικ.
477 1790 558 1857 -dnt
578 1794 611 1858 vi
636 1795 690 1858 aut
713 1793 837 1859 occulte
851 1796 905 1858 aut
926 1795 1082 1859 celeritate
1105 1795 1137 1858 et
1157 1813 1235 1876 prae-

170 1896 347 1978 occupando
371 1900 477 1980 agunt.
528 1974 532 1990 ,
1257 1951 1263 1970 ,

269 2003 336 2070 Ibd.
360 2005 410 2082 62,
430 2005 466 2068 2:
490 1995 534 2087 ἧι)
556 2005 590 2070 δὲ
612 1999 635 2088 ἦ
661 1999 781 2092 γνώμη
803 2005 866 2070 τοῦ
892 1996 1074 2086 Ἀριστέως
1103 1999 1148 2070 τό·
1173 2007 1238 2090 μὲν

167 2102 255 2192 μεθ’
278 2107 403 2194 ἑαυτοῦΙ
434 2103 667 2194 στρατόπεδον
695 2119 801 2197 ἔχοντι
832 2115 870 2175 ἐκ
896 2111 941 2194 τῷ
968 2112 1084 2197 ἰσθμῷ
1118 2117 1238 2196 ἐπιτη-

168 2227 243 2296 ρεῑυ
271 2209 351 2285 τους
375 2208 607 2300 Ἀθηναίους,
641 2211 686 2300 ἢν
713 2216 869 2292 ἐπίωσιν,
903 2217 1097 2290 Χαλκιδέας
1123 2217 1158 2283 δὲ
1181 2219 1235 2282 καί

169 2315 253 2394 τους
279 2327 338 2397 ἔξω
363 2323 495 2404 ἰσθμοῦ
518 2314 713 2407 ξυμμάχους
744 2321 798 2386 καί
827 2317 891 2408 cajo
924 2319 1017 2405 nupsi
1035 2311 1237 2408 Περδίκκου

171 2425 349 2491 διακοσίαιί
371 2433 481 2491 ἵππου
503 2434 540 2492 ἐν
563 2421 727 2512 Ὀλύνθῳ
755 2431 882 2509 μιύειυ.
928 2427 978 2492 Sic
1014 2429 1154 2494 codicum
1176 2430 1237 2495 fido

170 2531 282 2610 editur,
305 2531 536 2615 defenditurque
559 2539 668 2617 ι”χουτι
690 2534 734 2597 sic
755 2533 890 2614 positum
911 2523 1058 2616 tanquam
1083 2535 1237 2615 pracedat

169 2630 337 2719 Ἀρισττῑ,
366 2657 433 2720 quae
460 2637 537 2701 mihi
565 2637 699 2703 defensio
731 2655 854 2719 prorsus
876 2637 962 2701 nulla
986 2637 1106 2718 videtur
1126 2639 1158 2703 in
1178 2639 1238 2705 hoe

169 2743 315 2806 continuo
342 2740 488 2807 orationis
516 2759 607 2808 cursu
638 2745 669 2808 et
695 2743 753 2808 hac
781 2741 908 2820 vicinia3
940 2761 1075 2826 quosque
1106 2745 1239 2816 afferunt

170 2847 248 2912 duos
276 2847 431 2929 Euripidis
453 2847 533 2912 locos
564 2847 676 2932 (Iphig.
706 2849 776 2912 Aul.
804 2847 883 2921 491,
912 2846 995 2911 Med.
1025 2845 1089 2928 58),
1112 2851 1238 2932 praeter-

169 2971 265 3035 quam
288 2952 367 3036 quod
394 2954 484 3034 paulo
507 2953 599 3018 aliam
629 2955 745 3018 habent
771 2953 917 3031 formam,
939 2953 999 3035 ipsi
1026 2971 1061 3017 eo
1089 2954 1238 3018 maiorem

170 3047 298 3124 habent
314 3057 552 3138 dubitationem,
574 3059 654 3142 quod
685 3059 807 3124 omnino
840 3077 899 3124 non
936 3058 1143 3142 intellegitur,
1162 3077 1238 3154 'quo

204 3295 228 3364 ¹)
247 3281 366 3351 Subinde
393 3291 536 3347 monendos
554 3295 634 3362 puto,
663 3293 710 3361 qni
735 3263 791 3346 hac
817 3293 913 3346 lecturi
937 3297 1014 3356 sunt,
1043 3309 1086 3346 me
1110 3277 1148 3346 'ab
1176 3292 1238 3347 aliis

245 3385 326 3450 dieta,
358 3385 412 3440 nisi
445 3401 553 3455 prorsus
587 3385 734 3454 singularis
764 3385 854 3454 aliqua
887 3401 966 3440 causa
999 3385 1153 3451 accesserit,
1185 3401 1239 3439 non

245 3481 388 3548 attingere.
425 3479 529 3546 Itaque,
557 3477 664 3532 etiamsi
688 3491 742 3530 non
765 3476 864 3541 dicam,
890 3477 1011 3532 dubitari
1040 3477 1138 3542 nabun,
1163 3478 1238 3547 quin,

243 3575 276 3626 ut
292 3572 342 3626 hoc
359 3574 428 3634 nter,
455 3573 477 3634 1,
497 3573 531 3628 28
550 3569 627 3624 unice
649 3561 740 3622 reram
765 3572 857 3638 putem
870 3555 1022 3639 ,Popponis
1042 3571 1246 3632 coniecturam>

245 3663 349 3734 ἑτοῖμοι
378 3661 402 3718 δ’
434 3659 505 3718 εἶναι
533 3662 578 3716 καί
610 3659 678 3714 ὥστε
706 3660 883 3728 ἀμφοτέρους
915 3661 1008 3729 μένειν
1037 3661 1108 3714 κατὰ
1135 3661 1238 3730 χώραν,

246 3755 368 3828 σπονδὰς
386 3754 620 3822 nordannbrorum
638 3751 801 3815 condicione,
828 3755 861 3806 ut
885 3754 992 3822 utrique
1011 3752 1069 3806 loco
1088 3755 1239 3820 maneant);

245 3847 382 3902 namhoc
406 3845 525 3900 Graecum
554 3849 605 3910 est,
632 3843 742 3912 ἓτοῖμός
770 3845 825 3912 εἰμι
856 3839 923 3898 ὥστε
943 3842 1119 3912 ἀμφοτέρους
1148 3843 1238 3913 μεύειι

183 3985 189 3996 .
245 3939 402 4008 barbarum
420 3938 499 3992 etde
517 3937 684 3992 induciarum
703 3935 855 3992 condicione
872 3919 971 4004 agitur,
990 3955 1044 3994 non
1062 3935 1095 3991 de
1113 3936 1239 3994 manendi

246 4033 391 4086 voluntate.
436 4028 489 4082 Sed
515 4027 639 4082 annotari
661 4029 743 4083 veiim
767 4029 881 4084 aliorum
903 4028 1022 4084 locorum
1044 4045 1123 4084 caum
1153 4030 1239 4084 inter·

245 4123 406 4193 potationem
425 4123 454 4175 in
474 4123 512 4177 δι’.

993 4215 1041 4266 20*
