3004 4676
402 295 417 330 Ι

632 336 692 396 Lib.
711 337 758 392 IV.
825 374 836 390 ι.
1127 335 1185 398 501

165 539 247 604 enim
269 539 334 604 haeo
360 551 432 620 pars
460 537 508 602 ost
528 553 644 612 omum,
682 553 749 616 quae
776 535 896 621 physici
918 536 965 602 iili
994 535 1031 602 do
1057 535 1232 602 huiusmodi

165 645 257 710 rebus
290 643 479 722 sentiebant,
522 640 578 706 sod
612 639 798 706 narrationis
831 639 959 707 Diodori
997 641 1035 706 de
1066 660 1111 716 eo,
1150 641 1237 724 quod

165 750 335 816 aoeidissot.
967 819 969 828 ,

247 851 330 929 ,Παλ
341 851 375 913 5]
389 873 397 914 :
415 844 458 923 ώς
469 845 542 917 οὔτ’
558 846 655 918 αὐτοὶ
668 851 1002 939 πολοπραγμονοὺοί
1019 877 1050 916 τι
1063 853 1131 916 τών
1145 845 1231 916 κατά

165 953 230 1042 την
255 951 463 1041 Λακωνικήν
485 950 564 1022 οὔτ’·
590 959 732 1030 ἐκείνοις
758 954 934 1026 ἅπτεσθαι
957 949 1144 1042 προσήκειν
1172 958 1233 1041 τῆς

166 1065 347 1136 Βοιωτίας.
391 1065 487 1128 Recte
511 1065 632 1128 veteres
654 1063 804 1130 editiones
827 1058 1002 1149 προσήκει.
1048 1063 1155 1128 Traxit
1177 1063 1234 1126 hoe

166 1171 245 1236 alter
265 1169 444 1234 infinitivus.
490 1169 598 1247 (Paulo
623 1170 711 1244 ente,
743 1169 796 1234 ubi
825 1173 873 1238 est
894 1165 1145 1255 ὑπελάμβανον
1171 1161 1232 1231 αδ-

166 1271 247 1348 τοάς
271 1275 392 1360 ῥαδίως
415 1323 421 1336 .
446 1323 454 1340 .
481 1323 488 1340 .
518 1275 869 1359 καταπολεμηθῆναι,
897 1276 1045 1342 excidisse
1074 1272 1138 1353 ἄν,
1163 1276 1235 1356 post

167 1401 213 1461 eo,
235 1401 302 1465 quae
323 1381 377 1445 lib.
400 1386 416 1449 I
438 1403 464 1450 o.
487 1387 506 1444 4
527 1378 692 1463 disputavi,
715 1399 776 1444 non
798 1401 874 1465 opus
898 1384 946 1446 est
968 1382 1050 1458 dioi.)

265 1487 333 1552 lod.
355 1487 410 1568 ᾆδε
442 1491 528 1572 Περὶ
551 1483 615 1574 γάρ
640 1479 702 1556 τάς
724 1482 836 1560 πάλας
859 1481 1035 1572 α’πηντηοε
1058 1499 1129 1558 τοῖς
1155 1487 1232 1569 περὶ

166 1588 228 1658 τάν
249 1586 537 1678 Ἐπαμεινώνδαν
560 1593 663 1673 κηρνξ
685 1587 818 1675 τοφλδν
841 1590 947 1677 ἄνδρα
974 1584 1233 1675 α’ποδεδρακότα

168 1701 313 1784 κομίζων
325 1701 393 1772 καλ,
407 1689 567 1779 καθάπερ
579 1687 623 1779 ἦν
636 1701 850 1781 εἰθισμένον,
865 1693 1050 1783 α’νηγόρεοε
1062 1685 1236 1781 κηρύττων

166 1799 247 1890 μήτ’
277 1799 408 1891 ἐξάγειν
432 1797 604 1888 Θήβηθεν
630 1796 712 1885 μήτ’
735 1798 926 1887 α’φανίζειν,
955 1797 1029 1870 αλλ’
1051 1796 1232 1889 ἀπάγοντα

167 1907 273 1981 πάλιν
303 1903 498 1990 α’ναοώζειν.
554 1909 741 1988 Ridiculum,
775 1910 952 1992 ριέεοοοεαιΙ
975 1911 1079 1991 ipsum
1112 1923 1235 1974 servum

171 2019 329 2092 odduoero,
352 2036 444 2102 quem
463 2015 579 2099 fugisse
594 2015 770 2096 pronuntiet
786 2019 817 2080 et
832 2015 919 2080 eduoi
935 2016 1116 2088 abscondite
1131 2015 1234 2090 vetet3

167 2144 264 2207 nequo
293 2143 366 2190 sene
390 2122 465 2186 eoeoi
488 2119 569 2186 servi
593 2118 763 2202 aufingiunt.
809 2121 923 2185 Serio:
948 2123 1049 2204 κῆρυξ
1073 2115 1235 2204 ‘coetos

168 2230 213 2306 (id
234 2230 419 2301 ominosum)
447 2219 695 2308 α’νδράποδα
731 2219 989 2310 α’ποδεδρακότα
1023 2226 1235 2312 γνωρίζων

170 2336 240 2409 καλ,
266 2381 272 2396 .
299 2385 305 2398 .
331 2379 353 2408 .,
378 2326 566 2418 α’νηγάρενε
590 2355 619 2396 κ.
642 2355 672 2396 τ.
696 2333 725 2394 λ.
771 2333 805 2397 Γ
801 2335 955 2418 νωρλζειν
978 2336 1026 2400 esi
1046 2333 1165 2414 palam,
1197 2329 1236 2392 ad

167 2441 327 2504 hominum
351 2440 495 2504 notitiem
517 2441 715 2521 pronuntiare
738 2439 1025 2517 (διλαααιωαιλαι).
1238 2442 1241 2453 “

268 2545 400 2610 Ιοδ.53;
435 2536 720 2628 Ἐπαμεινώνδας
744 2592 753 2609 .
778 2591 785 2607 .
810 2597 815 2606 .
839 2548 1041 2629 ἐπροτέρηοε
1065 2543 1125 2626 τῆς
1147 2533 1235 2627 γνώ-

168 2676 244 2734 μης.
288 2651 430 2716 Graeoum
458 2651 506 2713 est
543 2649 580 2713 de
613 2670 659 2730 eo,
693 2651 779 2716 ouius
816 2651 967 2716 sententio
1001 2648 1235 2730 comprobetur:

169 2763 370 2840 ἐπροτέρηοε
394 2756 441 2842 τῇ
461 2748 619 2842 γνώμη,
642 2759 677 2820 ut
699 2758 798 2821 νικᾶν
813 2758 855 2842 ιη’
871 2751 992 2843 γνώμη
1014 2758 1046 2822 et
1061 2779 1107 2841 τη
1129 2744 1235 2838 μάχη,

168 2881 226 2928 non
248 2865 309 2947 της
330 2854 470 2948 γνώμης
491 2863 545 2926 aui
566 2863 627 2947 της
650 2861 772 2948 μάχης.
820 2863 903 2940 (vid.
925 2863 963 2926 ad
986 2881 1012 2926 ο.
1036 2861 1100 2938 49.)

269 2968 335 3034 lod.
359 2969 417 3030 56:
452 2970 506 3034 καὶ
539 2963 578 3034 τά
612 2974 677 3050 μὲν
709 2969 847 3053 πρώτον
881 2962 1138 3053 α’ναχωρούντες
1170 2959 1236 3044 την

169 3071 264 3150 τάξιν
286 3074 431 3148 διέλυον,
462 3067 500 3137 τώ
532 3075 565 3138 δὲ
589 3079 785 3140 τελευταῖον
809 3123 815 3140 .
841 3123 849 3138 .
874 3121 880 3136 .
910 3079 1041 3160 ἐγένετο
1064 3062 1237 3153 παντελής

168 3174 279 3264 τροπή
302 3180 365 3246 τοὺ
388 3180 627 3263 στρατοπέδου.
661 3181 841 3246 Necessario
856 3181 966 3249 scriba
989 3172 1057 3262 τήν,
1068 3171 1163 3252 τάξιν
1186 3169 1236 3242 oui

170 3287 302 3352 διέλυον
333 3284 477 3365 (servatis
510 3285 683 3361 ordinibus,
717 3289 998 3370 συντεταγμένοι,
1036 3283 1236 3359 rooedobent;

169 3401 205 3468 ἐν
226 3387 316 3467 τάξει
340 3392 521 3456 ἐποιούντο
544 3387 608 3475 την
631 3385 864 3478 α’ποχώρηοιν,
887 3393 924 3456 ut
945 3390 1056 3454 dicitur
1077 3388 1162 3468 XIX,
1185 3389 1238 3466 84,

169 3501 222 3582 qui
239 3501 321 3564 tutus
342 3498 428 3562 locus
452 3497 674 3579 componendus
696 3501 765 3576 est).
798 3499 844 3562 De
866 3497 1028 3580 negatione
1051 3494 1158 3560 addite
1181 3494 1236 3558 of.

168 3601 244 3682 XII,
270 3605 320 3680 23,
344 3603 429 3677 XVI,
451 3601 535 3678 w)
742 3681 753 3686 ῃ

268 3707 338 3776 Ibd.
361 3709 416 3772 64:
464 3701 517 3774 ‘H
534 3712 598 3792 μὲν
630 3699 694 3774 οὖν
724 3701 841 3792 πρώτη
863 3708 962 3791 μερὶς
984 3705 1051 3772 τών
1074 3707 1239 3784 Βοιωτῶν

169 3922 367 3930 ——-———

197 4039 220 4108 ¹)
239 4040 323 4094 Miror
340 4055 362 4094 o.
381 4039 415 4094 57
432 4024 523 4108 potins
546 4037 635 4092 notari
662 4035 861 4112 διαφυλάττειν
880 4050 960 4104 quum
979 4037 1022 4090 δεῖ
1041 4027 1239 4096 διαφυλάττειν

240 4148 299 4188 oum
318 4130 451 4186 Sohaeiero
470 4131 542 4202 poni.
