2954 4664
282 299 341 363 188
674 319 675 324 ¹
715 303 831 370 Lib-‚IL

238 504 348 566 αἰνεῖν
369 495 447 568 σινσί
466 526 558 578 τινος
580 503 679 582 (velut
700 505 919 589 προθυμίας)
946 509 1015 574 eie
1040 511 1190 580 contrario
1210 515 1301 599 μίμ-

238 609 367 690 peuda!
388 631 474 682 τινα,
503 602 702 695 ὀργίζεσθαί
722 612 790 677 τινί
806 611 910 687 τινος.
1181 677 1185 683 .

339 714 430 797 Pytn.
444 715 539 798 llll,
562 716 620 782 λίς
795 719 927 804 δαίμων
950 721 983 785 δὲ
1006 721 1188 809 παρίσχει,

288 813 401 886 ἄλλοτ’
423 815 687 903 α’ίλλσν·ίίπορθο
711 814 862 905 βάλλων,
884 821 991 892 άλλον
1013 823 1043 892 δ’
1064 821 1133 896 unni
1155 833 1276 916 χειροῖν

281 931 408 1013 μέτρον
430 928 641 1012 καταβαίνει.
664 932 701 994 ἐν
725 922 898 1016 Μεγάροις
920 925 950 997 ‹l'
974 939 1059 1019 ἔχοις
1079 937 1180 1020 γέρας
1192 942 1299 1006 mel.

239 1034 290 1100 Sia
313 1035 433 1100 oodioes
455 1036 524 1114 (ant
544 1035 669 1122 μέτρῳ)
690 1035 810 1114 vitiose,
832 1037 951 1120 syllaba
964 1037 1060 1104 etiam
1073 1045 1109 1105 ἐν
1119 1041 1151 1106 in
1164 1046 1299 1112 surano

237 1159 327 1218 versu
348 1141 539 1211 abundante.
603 1146 698 1211 Reate
726 1142 896 1225 superiores
927 1144 1144 1212 intellexerant
1170 1148 1299 1216 fortunae

237 1237 475 1315 ineenstantiam
502 1251 667 1336 significari
694 1249 854 1332 dupliciter
881 1251 912 1314 et
941 1249 974 1314 in
996 1252 1177 1320 extollendis
1198 1255 1300 1322 homi·

241 1352 332 1420 nibus
363 1356 514 1440 (athletis)
545 1357 578 1424 et
603 1357 636 1422 in
663 1355 854 1439 premendis,
890 1373 983 1439 eoque
1010 1358 1162 1440 pertinere
1196 1385 1299 1428 ιανα-

237 1459 351 1539 βαίνει
380 1462 522 1538 verbum
559 1461 614 1528 sed
641 1479 736 1544 prave
763 1461 820 1526 hoo
854 1479 907 1546 pro
936 1447 1097 1530 transitivo
1132 1467 1298 1550 accipiunt.

240 1563 454 1630 Soribendurn:

640 1668 766 1744 σίλλος
789 1665 818 1738 (λ’
843 1666 911 1738 rino*
936 1675 1055 1759 χειρῶν

371 1782 496 1860 μιίρον
522 1779 735 1861 ιιασοιβαίνιι.
782 1771 955 1864 Μεγάροις
977 1804 1007 1844 ν.
1030 1805 1058 1845 τ.
1082 1783 1111 1846 λ.

238 1883 296 1948 hoo
317 1886 378 1960 est,
403 1884 483 1948 alius
507 1883 664 1962 (certando
685 1883 718 1948 in
739 1882 832 1960 ludis)
853 1884 933 1951 infra
953 1905 1130 1952 mensuram
1151 1903 1299 1954 manuum

238 1989 270 2054 et
290 1988 404 2054 virium
433 1989 601 2074 deseendit.
645 1989 695 2066 (ln
716 1989 840 2073 Bergkii
868 1993 1056 2064 affectione,
1080 1994 1112 2058 et
1139 1987 1300 2060 ἅλλσνά

235 2088 304 2160 rinei
317 2096 445 2180 χειροῖν,
469 2096 572 2162 audito
583 2089 729 2180 βάλλων,
744 2114 872 2176 pravum
889 2098 938 2164 eoi
948 2098 1101 2184 θλμίιρῳ
1115 2093 1299 2184 ναοάβαιν’

237 2200 269 2264 et
292 2201 444 2266 retinetur
465 2202 662 2268 manifestum
686 2201 936 2268 additamentum·
954 2207 1000 2280 ἐν,
1023 2205 1104 2287 qnod
1127 2207 1298 2290 superiores

237 2306 448 2385 sustulerant.)

337 2412 791 2495 nmfflffinffl

466 2519 536 2589 ἴστε
557 2513 631 2602 μοίν
653 2521 807 2592 Αἴανσος
827 2512 937 2586 α’λνάν
961 2520 1105 2604 φοίνιον,
1128 2516 1193 2586 σάν
1214 2512 1298 2602 ὀψίᾳ

237 2629 273 2687 ἐν
295 2623 390 2688 νυκτί
415 2618 534 2706 repete
547 2626 624 2709 scopi
640 2614 851 2711 ᾦφαογοίνῳ,
873 2621 1021 2711 μομφάν
1036 2633 1101 2712 ἔχει
1116 2625 1298 2692 παίδεσσιν

670 2725 857 2807 Ἑλλάνων,
883 2728 956 2799 ὅσοι
985 2723 1137 2817 Τρῴανδ’
1160 2731 1254 2810 ἔβαν.

335 2833 405 2900 Non
426 2853 481 2918 per
504 2855 537 2902 se
560 2837 692 2921 φοίνιος
704 2839 771 2904 erat
780 2840 938 2911 Ἀἴαντος
959 2831 1047 2924 oilae}
1070 2855 1168 2922 neque
1190 2837 1298 2919 aptum

236 2941 357 3006 videtu
389 2940 506 3006 nudum
541 2942 619 3008 illud
656 2937 765 3029 α’λιιήν
793 2946 932 3028 τέμνειν
959 2946 1038 3029 auspi
1069 2932 1094 3032 qi
1121 2935 1297 3029 φασγάνῳ.

238 3047 367 3110 Rectum
391 3046 464 3112 erit:

459 3157 530 3220 ἴσον
551 3149 625 3240 μάν
647 3157 799 3229 Αἴαντος
820 3150 943 3234 άλιιάν,
966 3158 1102 3241 φοίνιον
1123 3151 1189 3222 τάν
1203 3147 1299 3237 ,ὀψίᾳ

326 3262 362 3322 ἐν
386 3261 481 3326 νυκτί
505 3255 625 3344 σαμαίν
647 3287 683 3328 ιι..
699 3287 730 3328 ο.
756 3263 785 3328 λ.

237 3360 318 3428 Nam
341 3357 450 3450 α’λνιὶν
472 3359 613 3453 τέμνειν
636 3368 771 3453 φοίνιον
793 3369 841 3434 est
862 3367 998 3434 feriendo
1020 3371 1190 3434 onnentare.

336 3470 434 3542 Venio
455 3473 496 3538 ad
517 3474 651 3542 soenioos
672 3476 791 3556 poetas,
811 3473 843 3538 in
865 3474 975 3555 quibus
997 3473 1201 3557 multiplieem
1223 3489 1299 3536 oon·

179 3605 183 3612 ·
237 3579 356 3646 iectura
383 3579 546 3650 materiam
572 3580 666 3648 hebet
694 3583 734 3650 et.
754 3597 830 3662 quos
858 3579 1025 3648 studiosius
1051 3577 1299 3663 frequentiusque

237 3703 329 3767 quam
340 3685 509 3751 Pindarum
520 3685 661 3760 tractavi,
682 3704 740 3750 nee
761 3688 868 3750 tamen
889 3685 943 3764 ite,
965 3687 1002 3750 ut
1022 3685 1179 3768 propriam
1201 3701 1298 3767 quan·

238 3789 310 3854 dam
344 3791 376 3856 et
411 3793 596 3878 praeeipuam
635 3790 666 3854 in
698 3790 737 3858 iis
772 3790 942 3880 studiorum¹
976 3791 1082 3875 sedern
1117 3789 1298 3858 oollooarem

236 3896 455 3980 tractandoque
489 3897 521 3963 et
554 3896 719 3962 enarrando
748 3896 875 3962 dabulas
908 3915 996 3978 paene
1024 3895 1201 3966 adnuerem.
1261 3895 1297 3959 ln

238 4019 289 4066 eos
323 4021 390 4084 quae
424 4021 521 4086 nuper
548 4002 698 4087 ingruerit
726 4000 884 4066 hominum
922 4001 1054 4086 alioquin
1077 4002 1238 4068 dootorum
1267 4003 1301 4066 et
