3000 4668
302 240 365 303 370
728 240 789 296 Lib.
806 241 861 298 111.

262 436 402 514 saucio,
422 444 507 506 is'vuc
531 467 559 507 ιι.
584 467 613 506 ν.
639 443 667 506 λ.
717 439 811 505 Oodd·
835 442 866 504 et
888 439 957 505 odd.
982 444 1012 504 si
1033 434 1084 524 μή
1113 436 1326 527 α’ρέοιιοιγιεν,

262 547 315 629 qui
336 547 489 630 optativus
520 547 552 610 in
581 547 640 611 hac
664 541 757 610 cortae
787 547 818 610 at
847 545 980 610 definitas
1011 546 1197 622 condicionis
1228 549 1327 630 forma

261 653 362 716 locum
384 671 444 718 non
462 653 565 718 habet.
600 651 722 716 Similes
739 669 861 734 orrorosv
874 653 988 716 notabo
1000 653 1039 716 ad
1053 652 1170 718 Theaet.
1182 672 1211 734 p.
1228 654 1326 716 164Α

262 759 307 839 (σι’
330 751 556 842 οώοοιμσν).’)
876 815 879 822 .

362 861 512 934 Phanou.
534 882 564 945 p.
580 863 619 925 67
637 863 662 926 Ε
685 862 897 928 scribendum:
921 868 968 930 Εἰ
992 857 1057 950 γιὶρ
1075 865 1324 950 -διοβὲβληνται

261 972 325 1052 μὲν
348 971 503 1065 πανταχῇ
524 970 569 1054 τῷ
593 961 736 1052 σώματι,
766 963 879 1053 αὐτήν
901 969 935 1044 δὲ
952 964 1040 1048 ,καθ’
1064 964 1176 1052 αὐτήν
1199 976 1325 1036 ἐπιθο-

260 1076 364 1160 γιοίιοι
380 1072 446 1160 τήν
458 1073 571 1162 ψυχήν
583 1081 683 1161 ἔχειν,
706 1070 830 1144 τούτου
853 1068 900 1158 δή
924 1077 991 1159 (pro
1002 1077 1053 1157 δὲ)
1074 1081 1279 1163 γιγνομένου
1295 1081 1326 1142 εἰ

261 1185 428 1267 φοβοῖντο
451 1182 505 1248 καὶ
528 1174 768 1267 ιῖγανοιιιποῑεν,
797 1173 839 1244 ου’
861 1177 971 1266 πολλή
995 1177 1040 1248 ἄν
1061 1176 1183 1270 α’λογιό
1207 1185 1271 1266 εἴη,
1295 1186 1325 1246 εἰ

262 1285 312 1372 μή
337 1336 343 1348 .
369 1337 376 1350 .
402 1316 431 1367 .,·
478 1287 548 1352 Non
571 1287 766 1352 continuatur
790 1287 862 1352 ordo
886 1277 1117 1365 condicionum,
1147 1289 1201 1354 sod
1223 1289 1326 1370 posito

262 1412 464 1476 concessoque
485 1392 686 1460 fundamento
708 1393 857 1460 transitur
877 1394 916 1458 ad
937 1393 981 1470 id,
1003 1393 1085 1476 qnod
1105 1394 1172 1458 tum
1196 1393 1324 1476 (igitur),

262 1502 288 1564 si
310 1493 463 1565 certares
486 1497 641 1574 acciderit,
670 1498 781 1562 mirum
804 1499 944 1564 videatur
972 1498 1112 1580 (uirds
1143 1517 1183 1564 os
1212 1499 1327 1563 nicht

261 1625 354 1689 ganz
375 1604 595 1687 ungoroimt
617 1603 714 1677 sein,
737 1622 839 1666 wonn
862 1603 934 1684 sis,
967 1623 1070 1670 noun
1092 1623 1165 1668 nun
1195 1603 1324 1666 dieses

262 1711 449 1783 eintrate,
472 1711 555 1774 sich
576 1709 846 1786 firchteteni).

361 1815 559 1897 lodpuoo
585 1834 601 1879 c
623 1815 763 1880 codicum
787 1815 947 1897 scriptura,
970 1835 1037 1897 qnae
1058 1815 1234 1880 huiusmodi
1256 1817 1325 1880 ost:-

262 1913 326 2004 dpa
344 1919 499 2002 φαίνεται
517 1913 602 2002 ἡμῖν
624 1917 732 1992 οὕτως
754 1923 808 1987 ἴσα
833 1921 920 1987 εἶναι
945 1917 1058 2004 ὥσπερ
1081 1914 1165 1986 αὐτὸ
1189 1915 1210 1986 ὃ
1232 1927 1324 1986 ἔστιν

262 2020 380 2110 ι’ὀονγ
410 2025 499 2091 ἐνδεῖ
525 2051 556 2090 τι
587 2025 693 2101 (Onon.
715 2028 747 2090 ot
768 2045 786 2089 a
807 2045 851 2108 pr.
874 2045 968 2095 manu
996 2027 1074 2092 alius
1102 2027 1161 2112 spi)
1193 2026 1324 2092 ἐκείνου

263 2135 306 2216 cpi
329 2133 486 2198 τοιοῦτον
509 2129 614 2204 εἶναι,
646 2127 720 2196 οἷον
742 2126 779 2196 τὸ
803 2135 897 2208 ἴσον,
930 2127 1092 2217 &cadim
1116 2133 1263 2208 efficitur:
1301 2127 1324 2215 ἢ

263 2241 354 2304 ἐνδεῖ
391 2265 422 2304 τι
463 2240 606 2323 ἐκείνῳ
640 2238 684 2320 τῷ
718 2239 876 2304 scandum»
908 2239 1002 2305 siuas
1030 2237 1104 2306 οἷον
1139 2234 1177 2304 cri
1206 2233 1324 2318 ἴοονῆ

262 2341 381 2424 eddim
406 2347 459 2424 (an
475 2344 563 2408 deest
577 2343 692 2426 aliquid
707 2343 754 2408 illi
769 2344 922 2426 qualitati,
943 2365 1011 2428 quae
1029 2346 1209 2430 exprimitur
1223 2344 1325 2410 vorbis

261 2453 418 2518 τοιοῦτον
441 2451 526 2516 εἶναι
551 2445 625 2514 οἷον
647 2444 684 2514 τό
709 2451 793 2526 ἴσον,
816 2469 854 2514 an
876 2451 990 2530 nihili)
1024 2453 1074 2516 Ad
1094 2452 1325 2533 exprimendam

262 2579 330 2624 carn
354 2559 522 2633 rationem,
552 2575 612 2638 qua
642 2575 690 2620 res
713 2557 823 2620 coterae
845 2557 1032 2637 aequalitatis
1054 2558 1220 2640 participes
1241 2560 1325 2633 sunt,

289 2855 311 2921 ¹)
331 2855 360 2907 P.
387 2853 463 2909 521)
491 2867 522 2904 ex
547 2850 630 2904 Oxou.
656 2851 850 2904 restituendum
879 2848 1082 2920 ὡμολογηκέναι
1109 2823 1324 2907 πολιτιύσισῧαι

330 2962 377 3013 pro
401 2944 608 3004 πολιτεύεσθαι,
638 2946 665 2996 et
692 2943 726 2996 ad
750 2941 859 2996 eandem
885 2941 996 2996 formam
1024 2944 1191 2998 scribendum
1209 2963 1236 3014 p.
1248 2943 1323 2999 500

331 3033 486 3104 ὡμολόγητο
506 3035 630 3104 ἐμμενεῖν
649 3037 677 3088 st
687 3052 711 3103 p.
719 3035 781 3090 51ss
800 3051 859 3088 cum
879 3035 1045 3088 Buttmanuo
1064 3031 1239 3106 ὡμολογήσας
1257 3034 1324 3105 ἡμῖν

329 3133 475 3184 πείσεσθαι
484 3131 513 3182 et
523 3145 547 3197 pr
557 3128 618 3184 520
634 3126 780 3202 ὡμολόγεις
798 3127 1020 3182 πολιτεύσεσθαι.
1058 3126 1111 3180 Sed
1129 3128 1153 3180 si
1173 3127 1241 3182 huno
1259 3143 1322 3181 oau-

256 3209 260 3224 ’
330 3239 385 3276 sam
404 3237 530 3290 prorogare
549 3221 629 3274 uelim
654 3223 840 3288 excitatoque,
866 3235 924 3288 qna
943 3221 1037 3278 contra
1055 3219 1323 3283 dicu-utar·(rclnta

305 3335 308 3345 ’
331 3313 510 3368 Stallbaumio
528 3313 562 3366 ad
581 3329 607 3382 p.
626 3316 660 3368 52
680 3311 720 3373 C),
739 3303 856 3366 incidam
874 3312 903 3364 in
922 3312 1039 3366 similam
1058 3311 1268 3388 dispptationcm
1287 3313 1321 3370 ei.

328 3423 408 3475 quam
427 3406 503 3460 litui
521 3408 574 3460 cd
593 3409 747 3484 persecutus
765 3420 830 3456 snm.
867 3404 963 3472 Itaque
976 3407 1082 3458 tanturn
1094 3404 1180 3474 dicam
1194 3403 1321 3464 brevitor,

328 3504 400 3553 certo
419 3499 471 3552 fine
494 3497 608 3552 discerni
637 3497 763 3565 ὁμολογῶ
786 3502 875 3552 ποιεῖν
900 3497 1089 3558 tconfiteor
1113 3513 1163 3552 mo
1190 3495 1321 3552 facerat

327 3591 408 3659 etdp.
429 3591 554 3660 ποιήσειν
565 3591 743 3660 (promitto
761 3606 810 3644 rue
829 3589 1013 3657 facturum)
1032 3589 1163 3644 nochunc
1176 3588 1322 3642 finomfcro

327 3683 495 3753 perturbari,
534 3684 586 3737 uisi
618 3682 664 3735 nbi
693 3681 813 3734 futurum
841 3698 857 3734 a
886 3682 1009 3751 prasenti
1042 3683 1091 3739 aut
1123 3680 1180 3734 solo
1209 3681 1321 3734 accentu

328 3776 475 3844 (ἐμμένειν)
486 3777 534 3828 aut
546 3775 640 3830 littora
651 3793 666 3828 ο
676 3774 870 3841 (πορεύεσθαι,
890 3773 1093 3841 πορεύσεσθαι)
1101 3773 1194 3834 distet,
1213 3789 1321 3842 patuaro

325 3870 354 3936 in
382 3872 550 3930 πείθεσθαι,
579 3870 740 3932 πείσεσθαι,
772 3867 921 3929 similibus,
949 3865 1202 3935 fore'nusquumin
1221 3872 1319 3922 ποιεῖν.

291 3999 294 4007 .
322 3962 461 4029 ποιήσειν,
491 3961 619 4023 ἀκούειν,
643 3959 825 4020 ἀκούσεσθαι,
851 3959 992 4014 similibus.
1046 3959 1124 4012 Alius
1153 3958 1321 4028 genoricum

324 4056 488 4121 ξοντίθιμοι
509 4061 606 4112 ποιεῖν,
625 4053 783 4122 paciscor
802 4052 925 4110 facona.
