2952 4668
650 254 711 310 Lib.
728 254 778 310 IV.
1141 255 1201 320 595

186 475 301 517 οεισαν
324 455 373 522 εἰς
389 445 428 523 τό
452 455 602 537 ῥεῖθρον.
635 453 817 537 Corruptum
833 446 1103 539 συνενεγκόντες.
1137 455 1243 520 Fuisse

183 559 287 640 potest
309 550 671 648 συνεπιπρσόντες
695 561 748 623 aut
770 555 1128 632 evvenetao'vvse.
1149 587 1163 606 ··

185 673 191 680 “
283 661 348 727 Ibd.
372 666 425 726 28:
464 658 536 729 ἀλλ’
557 655 813 750 Ἑρμοκράτους
846 669 1066 749 πέμψαντος,
1103 673 1150 731 ἔτι
1184 669 1245 751 τῆς

184 770 361 854 ἐκκλησίας
383 767 607 856 συνεστώσης,
636 772 690 836 καὶ
720 764 762 835 δι’
790 766 865 843 ἑνός
886 771 954 836 τών
977 765 1136 855 φυλώκων
1158 799 1244 859 παρ-

184 881 302 952 έντων,
339 871 467 950 αὐτούς
499 869 541 944 δι’
574 870 687 942 αότών
720 872 928 942 α’ποθαυεῑν.
981 877 1164 944 Perversum
1197 884 1244 947 est

182 982 259 1048 illud
282 976 323 1047 δι’
345 975 434 1064 ἑνός,
458 1003 521 1048 σεο
549 985 703 1066 apparet,¹
721 983 797 1074 qpid
816 983 949 1048 transire
977 967 1241 1052 strinteustode's.

183 1083 381 1155 scribendum
401 1089 556 1154 videtur:
571 1092 787 1186 πέμψαντος,
809 1095 857 1155 ἔτι
879 1114 941 1173 της
963 1090 1139 1174 ἐκκλησίας
1161 1115 1243 1157 συν-

184 1188 347 1278 εστώσης,
380 1195 530 1261 δέλτον
562 1199 628 1262 καί
662 1220 730 1261 των
766 1190 949 1280 φυλάκων
946 1199 1141 1306 παρέντων.
1199 1198 1245 1264 De

184 1325 237 1366 και
234 1301 446 1384 ’ποτεροεὶίο
466 1301 582 1368 dletum
605 1304 653 1367 ast
674 1303 759 1366 ade.
786 1303 833 1365 11

283 1407 386 1473 crasa.
395 1427 419 1472 c
431 1407 485 1470 10.
508 1432 754 1480 πεντακοσισυς
770 1407 802 1472 δὲ
819 1403 900 1481 ταώς
924 1402 1079 1496 πρώτους
1099 1409 1153 1473 καί
1175 1404 1244 1493 μα’-

185 1517 280 1579 λιστα
302 1507 383 1586 ταώς
405 1518 600 1611 τρέσαντας.
637 1515 717 1583 Son:
740 1507 821 1586 τοός
843 1507 998 1599 πρώτους
1019 1517 1074 1579 καί
1095 1509 1243 1598 μάλιστα

183 1623 375 1704 τρέσαντας,
397 1620 510 1686 omisso
532 1620 669 1698 articulo,
692 1621 745 1703 qui
766 1620 869 1685 omnia
889 1620 1046 1703 pervertit.

283 1727 348 1792 Ibd.
374 1728 409 1788 11
434 1727 517 1809 (post
538 1743 607 1790 eum
629 1726 742 1804 laeum,
765 1727 883 1809 dequo
906 1726 967 1789 dili
988 1745 1017 1810 p.
1029 1727 1097 1804 40):
1122 1728 1177 1792 nai
1200 1724 1242 1812 δη·
1355 1708 1359 1720 ’

176 1829 495 1920 -σῖρχακρεσιόζοντες
517 1821 606 1916 ἦσαν
628 1824 819 1920 οὐκόλίγοι
842 1825 906 1916 την
927 1831 1027 1916 νίκην
1050 1832 1165 1919 ἐκείνω
1181 1836 1244 1900 τοὺ

183 1944 336 2024 πολεμου
358 1932 554 2026 προσήκειν.
599 1938 772 2003 Alienaab
795 1938 955 2016 hocloco
976 1939 1012 2002 ut
1033 1940 1110 2004 nihil
1131 1941 1241 2025 magle,

183 2042 402 2150 ἀρχαιρεσιῶν
415 2045 612 2164 signifipatio
613 2043 645 2108 et
660 2063 727 2128 quae
741 2045 813 2108 inde
832 2044 962 2110 derivari
976 2047 1082 2128 pessit.
1111 2047 1239 2114 Timide

183 2153 337 2236 suspicor·
360 2153 414 2216 καὶ
438 2143 525 2234 (λη’
503 2144 568 2216 απ’
590 2144 718 2237 α’ρχης
740 2157 777 2216 οἱ
801 2143 1093 2230 θειώζοντες
1070 2177 1159 2237 ησαν
1180 2147 1241 2220 οόκ

183 2251 304 2344 όλίγοι,
326 2281 390 2342 την
411 2257 561 2341 νίκηνκ.
585 2283 615 2321 τ.
639 2259 668 2322 λ.

236 2447 240 2454 .
283 2361 350 2428 lbd.
374 2361 427 2426 1'4:
455 2355 683 2431 Ἵλιστεσόντι
712 2355 741 2428 δ’
763 2356 854 2449 αὐτῷ
878 2363 986 2436 καλῶς
1008 2360 1240 2452 ψηφισάμενοι

182 2461 445 2554 στρατευμάτων
480 2464 681 2555 ἡγεμονίαν.
724 2469 836 2535 Scrib.:
871 2470 1015 2534 καλών.
1077 2471 1237 2540 Adieotivo

182 2595 284 2641 carere
308 2569 570 2660 στρατευμάτων
593 2576 707 2658 nequit.
768 2591 771 2598 ’

183 2683 188 2700 ’
281 2682 409 2746 Ιί)(ί.“16
433 2701 487 2764 pro
511 2676 621 2754 σώθώς
645 2674 822 2746 ἐκπεσόντι
846 2682 890 2766 τῷ
914 2676 1024 2767 κλήρῳ
1047 2682 1240 2750 scribendum

180 2789 314 2854 videtur:
349 2782 459 2861 εὐθύς
492 2782 552 2854 ἐπ’
573 2780 763 2853 ἐκπεσόντι
785 2787 830 2872 τῷ
859 2783 968 2873 κλήρῳ
991 2789 1022 2852 et
1047 2788 1087 2852 ad
1111 2791 1241 2856 eundem

181 2894 307 2960 modum
328 2895 359 2959 in
381 2895 446 2984 ‚¹¹¹³
467 2895 563 2960 Arati¹
583 2913 607 2959 σ.
630 2895 685 2957 43:
702 2889 772 2958 ’ἐπ’
795 2886 998 2979 ειίχωροόντι
1021 2895 1066 2979 τῷ
1094 2900 1240 2986 πολέμῳ.

180 3001 262 3065 Nam
285 3019 350 3083 quae
379 3001 416 3065 da
445 3001 548 3066 dativo
580 3000 722 3066 absoluto
749 3000 820 3080 post
841 2999 929 3083 Wytt
930 2963 1113 3066 enbaehium
1138 3000 1239 3066 Saha-

179 3108 315 3172 feruset
301 3105 396 3169 talii
422 3106 564 3184 t‚radunt
600 3125 724 3188 prorsus
757 3104 943 3188 explodenda
974 3106 1087 3184 sunt¹).
1142 3107 1238 3173 Paulo

179 3249 378 3260 -ιι-ο-υ--ο

208 3333 229 3399 ¹)
247 3329 471 3400 Wyttenbaehius
486 3327 619 3383 animadt
638 3345 664 3398 p.
679 3332 747 3384 1026
766 3329 831 3381 loeis
850 3328 945 3390 utitur,
966 3329 997 3382 ip
1013 3329 1111 3398 quibus
1129 3329 1235 3384 dativus

249 3422 370 3492 legitime
388 3439 448 3476 eum
466 3421 573 3491 reliqua
601 3423 736 3474 structura
762 3421 958 3488 coniungatur,
989 3419 1021 3474 ut
1039 3422 1144 3488 camin.
1162 3439 1184 3480 α.
1201 3427 1235 3481 38

250 3514 492 3585 (παραιτουμένοις
505 3515 694 3583 συνέπραξεν),
705 3513 797 3574 AEmil.
804 3512 880 3566 Paul.
889 3529 910 3564 e.
919 3515 953 3568 24
963 3513 1116 3582 (ἐρείσματι
1125 3521 1236 3570 κεκλασ-

248 3609 321 3681 μένῳ
339 3608 450 3662 πάντων
470 3608 683 3676 συμπεσόντων),
709 3606 791 3658 etiam
810 3603 919 3658 Camill.
937 3620 959 3658 e.
972 3606 986 3658 1
1007 3601 1159 3670 (ίίειατος”
1142 3628 1238 3666 σκσντι

249 3721 287 3774 τῳ
305 3701 382 3772 δήμῳ
401 3699 539 3770 γενέσθαι,
558 3716 621 3754 nam
639 3698 780 3754 consulfit
794 3695 911 3766 populo),
931 3711 983 3750 uno
1002 3700 1030 3750 et
1047 3699 1132 3752 altero
1150 3699 1237 3756 dubia

249 3794 394 3862 scripturae,
414 3795 445 3844 ut
463 3791 538 3846 illo
517 3808 596 3861 ipso,
618 3791 652 3846 ad
671 3808 749 3860 quem
767 3789 824 3842 haee
843 3770 979 3850 adscribit,
1004 3787 1036 3842 de
1055 3793 1191 3859 superstit
1211 3796 1235 3858 9,

249 3883 297 3938 uti
314 3900 362 3954 pro
381 3883 490 3946 τούτοις
500 3884 679 3955 ποιουμένοις
691 3884 791 3937 lectitas
804 3883 846 3935 est
859 3887 918 3942 τοῖς
931 3882 1114 3948 ποιουμένοις.
1154 3883 1235 3936 Simi-

246 3977 285 4030 les
304 3992 404 4030 errores
423 3966 488 4062 alibi
506 3977 631 4045 reperias,
650 3979 682 4029 ut
700 3974 834 4028 Theocrit.
856 3972 933 4036 XIII,
953 3975 988 4028 29
1005 3975 1097 4047 νότῳ.
1115 4015 1121 4028 .
1138 4017 1144 4029 .
1159 3973 1234 4030 σίὲντι

247 4067 421 4122 instrumenti
439 4069 663 4137 significationem
682 4072 801 4138 apertam
822 4067 912 4121 habet.

988 4163 1037 4210 ³8*
