3000 4668
756 35 778 92 Ι

658 322 718 378 bib.
736 321 776 380 ιι.
1139 325 1199 384 299

176 523 275 600 viare
295 541 387 606 quam
417 521 510 604 quod
523 522 661 587 Pentheo
690 520 840 586 inflictum
867 523 924 600 sit,
956 521 1104 606 supplieio
1126 541 1242 598 eorum

183 628 235 712 qui
255 629 411 694 Bauehum
432 626 623 722 offenderint
645 627 789 724 qumiam
808 628 874 710 ipse
897 630 961 694 eius
988 629 1067 694 iram
1090 629 1242 718 vitaturus
1280 657 1284 666 «

183 739 244 800 est:
278 727 381 806 αὐτὸς
414 726 443 799 δ
465 727 642 818 ειαγέοιμι
672 759 701 798 κ.
736 759 766 798 τ.
800 731 840 798 λ
881 733 1011 800 Versum
1040 735 1080 797 29
1108 753 1147 800 ne
1175 736 1243 820 ipse

182 841 306 924 quidem
340 841 385 906 uie
402 837 558 922 expedio,
594 839 630 902 ιι
664 839 740 904 mihi
772 857 896 922 prorsus
932 840 1024 905 satist
1010 831 1137 918 t3aur⁴tm
1160 845 1241 923 puto

183 949 287 1012 tamen
317 963 387 1010 eum
413 947 459 1010 ita
487 945 765 1026 παρενιίθεσθαι
797 948 925 1030 (εἴηὲ
891 945 925 1012 oe
948 994 955 1009 .
980 995 987 1011 .
1012 983 1019 1006 ι
1043 945 1241 1029 ἐπιβαίοοι),

189 1039 193 1048 ’
183 1052 289 1116 utad
322 1051 451 1126 Baeehi,
486 1067 556 1116 eum
589 1051 670 1114 Pent
669 1051 728 1116 heu
758 1052 890 1135 puniret,
916 1051 990 1116 aetat
975 1055 1046 1118 tom·
1080 1052 1242 1118 etiamtum

183 1157 333 1241 puerilem
361 1157 528 1240 pertineat,
498 1157 613 1221 theo
650 1156 820 1222 sententia:
850 1157 992 1226 eradatur
1028 1160 1131 1226 autem
1174 1162 1242 1226 tum

184 1283 294 1330 novem
327 1281 475 1328 annerum
509 1262 605 1328 fuisse
632 1264 686 1327 aut
714 1263 807 1328 etium
838 1261 992 1328 decimum
1021 1263 1178 1347 attiguum
1209 1268 1244 1330 ιι

184 1370 347 1454 praeseutia
367 1387 420 1452 pro
441 1367 612 1451 imperfect
604 1387 631 1432 ιι
589 1369 725 1433 tsint
829 1397 833 1402 ¹

282 1475 413 1549 XXVII,
436 1475 486 1552 26
508 1475 563 1536 ιιι

186 1571 265 1648 ΚΟ.
290 1581 345 1647 ναι
367 1574 441 1665 pedu
463 1602 544 1665 φασι
566 1591 732 1665 γυναῖκας
748 1574 824 1652 iente
845 1582 1003 1663 τρομέων
1024 1579 1242 1662 παρακοίτας.

186 1690 257 1756 ΔΑ.
287 1679 495 1770 μᾶλλονιῖει
530 1687 725 1770 κρατέουσι·
753 1685 828 1748 τινα
856 1689 1034 1770 ιρομιόυοι
1061 1689 1242 1771 'peruium

249 1870 251 1874 ¹
283 1794 390 1881 Neque
420 1793 645 1876 comparativus
666 1791 771 1870 hebet,
794 1809 852 1874 quo
873 1792 1031 1865 referatur,
1053 1809 1152 1874 neque
1173 1793 1244 1874 apte

186 1904 297 1967 eoeunt
316 1902 349 1966 iu
369 1919 464 1968 unum
486 1917 664 1982 responsum
694 1897 860 1962 affirmatio
890 1899 922 1962 et
942 1897 1141 1981 interrogatio
1161 1897 1243 1962 idem

186 2005 407 2089 significantes
429 2004 533 2070 omnia
546 2003 715 2087 aptissima
736 2003 815 2068 flunt
835 2023 896 2070 una
917 2005 1016 2069 vocali
1037 2004 1171 2068 mutata:
1209 2087 1212 2094 Ι

245 2111 378 2196 μᾶλλον
400 2107 452 2178 u'st
475 2109 650 2196 κρατέουσι
672 2103 746 2174 τιν’
773 2103 795 2194 ἢ
816 2112 995 2194 τρομέουσι
1017 2123 1184 2196 γυναῖκες.

286 2217 352 2285 lbd.
385 2239 414 2284 r.
448 2217 489 2280 43
520 2235 574 2298 pro
605 2211 690 2299 ἄκρα
720 2218 818 2301 seprio]
846 2214 1056 2296 seriberiam,
1087 2216 1119 2280 ni
1145 2215 1244 2292 ιιιιοι,

186 2316 210 2387 u'
219 2325 427 2409 κροιιμίη,
472 2323 587 2388 usitate
623 2319 854 2405 compositione3
895 2317 980 2405 ἄκρα
1013 2339 1068 2403 pro
1101 2320 1246 2386 adverbio
1289 2393 1295 2408 Ι

186 2417 334 2492 ausonio
354 2425 486 2512 augendi
509 2445 600 2492 eausa
622 2419 776 2492 adiectum
797 2445 948 2510 nusquam
968 2427 1089 2492 videtur
1109 2413 1245 2507 reperiri.

186 2531 324 2614 (Anthol.
346 2533 416 2612 VII,
438 2533 500 2594 438
520 2533 552 2596 in
572 2531 724 2616 Meleagri
746 2532 967 2616 epigrammate
989 2531 1080 2596 aliter
1098 2532 1244 2616 ponitur.)
1364 2537 1366 2540 ’

284 2637 399 2703 Distuli
434 2657 526 2720 snpra
553 2655 648 2702 unum
675 2638 802 2706 minutae
830 2638 1051 2705 emendationis
1077 2655 1175 2720 genus
1207 2638 1245 2702 ed

185 2744 290 2826 plures
330 2743 580 2812 Theoortteomm
621 2743 713 2840 loeus.
746 2741 911 2825 pertinens.
967 2744 1049 2809 Nam
1094 2741 1246 2808 omittitur

185 2848 289 2930 paneis
312 2849 525 2932 aliquotienis
547 2848 628 2931 apud
649 2847 820 2934 optativum
848 2847 879 2912 in
909 2847 1070 2932 potentiali
1091 2847 1246 2930 signifiea-

185 2954 267 3020 tione
293 2941 441 3038 partioula
474 2954 563 3036 huius
596 2953 828 3038 signifieatiouis
861 2952 952 3018 index
983 2955 1090 3019 eontra
1121 2954 1245 3018 ¹nortem

186 3059 333 3124 sermonis
347 3059 460 3144 legem,
482 3059 644 3124 manifesto
666 3061 766 3124 errore
789 3059 993 3124 etemendatu
1007 3060 1070 3124 fere
1091 3057 1244 3141 perfacili3

187 3165 241 3231 reu
261 3164 394 3232 editores
405 3165 577 3249 superiores
588 3181 658 3228 eum
669 3163 822 3230 ineuriose
833 3167 1028 3248 pretereunt,
1051 3165 1244 3248 reeentiores

187 3289 262 3354 quos
283 3271 394 3336 ferrem
416 3270 638 3355 aliquomodo,
661 3271 688 3336 si
709 3271 881 3353 promiscue
902 3271 974 3352 puni
1003 3270 1187 3352 particulam
1214 3276 1246 3334 et

187 3375 289 3448 omitti
317 3375 477 3458 diemout*
502 3376 624 3440 malunt
657 3376 821 3460 singularis
849 3375 978 3442 alienius
1014 3374 1245 3459 significationis

188 3480 379 3546 excusatione
405 3481 467 3558 uti,
489 3499 572 3565 quae,
601 3481 629 3547 si
650 3482 792 3549 attendas
819 3484 851 3547 et
871 3481 1040 3558 examines,
1072 3481 1156 3545 uuila
1186 3481 1248 3546 alia

186 3585 360 3668 reperiatur
388 3605 456 3652 esse
488 3587 547 3653 nisi
568 3573 637 3668 ipsa
662 3585 729 3652 illa'
743 3587 913 3652 communie
945 3585 1122 3670 potentialis
1151 3586 1245 3664 modi,

188 3707 254 3773 quae
275 3690 379 3758 addito
400 3689 444 3757 riv
465 3693 608 3766 οιιιοιιιιι,
637 3694 670 3756 et
690 3694 745 3756 aut
764 3693 947 3786 Hermauni,
976 3693 1086 3758 talium
1116 3689 1246 3758 distine-

186 3797 303 3862 tionnm
337 3797 503 3874 inventoris
535 3797 771 3881 promptissimi,
811 3799 865 3862 aut
890 3798 1054 3882 Kruegeri·
1076 3791 1245 3862 antolini

187 3901 499 3971 numenunsuiuero.
547 3903 641 3968 Velut
666 3901 924 3970 Wuestemaunua
952 3892 1245 3981 adV111‚20‚nbi

187 4008 311 4092 aliquis·
324 4011 388 4074 eolo
417 4011 507 4079 uerbo
534 4008 701 4092 κατθείηο
732 4011 887 4076 attirmure
911 4010 1065 4085 ,eruditum
1100 4027 1134 4075 se
1163 4009 1246 4092 posi·

186 4113 301 4192 ιιιιιιιι,Ι
322 4115 500 4182 Hermanno
522 4115 644 4182 auotma
660 4116 730 4180 solo
756 4115 889 4198 optativo
921 4115 1048 4180 indicari
1071 4115 1244 4200 opinionum

728 4319 783 4399 reti
803 4335 811 4369 ι

707 4401 710 4408 ’
726 4397 786 4474 ν’(ιῖιξ
795 4405 821 4458 ᾤ’
832 4429 838 4438 .
