3004 4676
309 347 375 411 550
734 347 795 402 Lib.
812 345 858 400 IV.

267 548 378 614 Βατίδα
406 550 540 614 πλεῑται
564 538 772 630 προσλαβών
792 569 838 610 τε
860 541 925 610 τόν
946 593 954 609 .
978 593 987 609 .
1010 599 1016 611 .
1040 541 1202 613 Κόλαπιν
1225 550 1332 630 συιιβ.

268 681 296 719 τ.
320 658 357 720 Δ.
401 655 558 729 (Πλεῑται
579 653 644 718 iam
666 651 798 727 Corsos.)

369 757 439 824 Ibd.
477 760 536 821 317
571 759 612 836 (5,
649 759 718 833 10);
755 751 901 822 α’λεεινοί
934 757 968 823 δὲ
1004 758 1059 824 καί
1082 751 1330 842 χρηστόκαρποι

269 858 405 943 ὁμοίως.
467 863 590 928 bixoidit
623 863 850 928 substantivum
890 863 1021 928 subiecti
1074 863 1176 935 lorum
1212 861 1330 926 tenens.

268 969 391 1032 Fuitne:
404 962 651 1053 χρηστόκαρποι
665 973 701 1032 οἱ
713 961 788 1031 τόπ
798 991 833 1032 οι
850 960 997 1049 ὀμοίως3
1017 968 1079 1034 011.
1090 987 1121 1050 p.
1134 967 1194 1030 318
1206 968 1247 1045 (5,
1261 967 1332 1038 12)τ

269 1077 337 1139 τῶν
359 1077 436 1158 περὶ
453 1063 649 1140 Κοίλλατιν.
676 1121 682 1134 .
705 1117 713 1135 .
737 1069 861 1146 τόπων,
885 1076 966 1156 etp.
988 1073 1051 1136 320
1074 1073 1122 1153 (6,
1145 1075 1196 1150 2)ι
1225 1065 1332 1138 πλεύ-

270 1205 391 1254 σαντες
411 1175 492 1252 τοιλς
512 1174 650 1252 τόπους.

370 1283 438 1350 Ibo.
466 1286 524 1348 321
556 1288 682 1368 (7,·1);
716 1291 764 1348 ε”τι
786 1287 904 1367 μέντοι
937 1284 1071 1366 μᾶλλον
1092 1277 1261 1367 πρότερον
1283 1289 1337 1362 (ἐν

270 1392 432 1474 πλευραῖς
453 1383 552 1474 ἦσαν)
575 1386 597 1476 ἢ
622 1392 697 1464 νυν,
720 1387 809 1456 ὅπου
830 1415 869 1475 γε
898 1391 951 1455 καὶ
976 1391 1096 1473 τὴςίν
1117 1389 1162 1473 τῷ
1186 1381 1333 1472 παρόντι

268 1491 434 1570 Ἐλλοίδος
457 1491 702 1568 α’ναντιλίκτως
724 1492 828 1578 οὔσης
858 1489 923 1578 κῆν
951 1490 1084 1578 πολλήν
1108 1499 1139 1560 ολ
1161 1489 1333 1580 βάρβαροι

270 1612 390 1690 ἔχουσι.
448 1604 608 1669 Sententia
628 1600 750 1684 flagitat
771 1601 900 1685 εἶχον,
936 1602 999 1666 nisi·
1026 1601 1086 1666 fuit
1107 1597 1216 1687 ᾤκουν
1247 1594 1337 1683 βοίρ-

269 1715 380 1796 βαροι.
423 1709 505 1773 Nam
526 1710 558 1772 in
580 1707 704 1790 optimis
727 1707 881 1772 codicibus
902 1706 994 1790 plone
1016 1708 1103 1772 abest
1123 1706 1260 1772 verbum.

370 1814 437 1882 Ibd.
465 1814 527 1876 322
550 1815 596 1890 (7,
630 1814 679 1892 3):
714 1803 788 1876 αλλ’
815 1806 1182 1897 ίνοτρατοπεδειίουσιν
1217 1807 1336 1884 αὐτοῖς

270 1920 404 2003 (populis
426 1918 604 2002 Epiroticis)
625 1912 793 2001 Ῥωμαῖοι
815 1932 887 1992 τοῖς
908 1921 1012 1994 οἴκοις
1020 1968 1031 1996 ,
1060 1921 1334 1992 κατασταθέντες

270 2019 329 2092 ὑπ’
352 2019 465 2091 αὐτῶν
489 2021 662 2090 δυνάσται.
705 2024 845 2089 Ridicule
875 2025 1006 2092 Romani
1032 2025 1071 2089 ab
1097 2024 1173 2106 ipsis
1199 2023 1337 2106 Epirotis

272 2117 433 2197 civorium
471 2131 629 2196 constituti
663 2148 730 2194 esso
757 2130 900 2194 dicuntur
931 2135 985 2208 (-
1015 2131 1147 2195 debebat
1172 2128 1334 2196 δεσπόται

271 2238 363 2303 scribi
393 2238 462 2319 -);
496 2253 552 2300 neo
579 2237 718 2303 Romarm
743 2235 885 2318 praesiiia
910 2235 942 2298 in
969 2235 1108 2300 domibus
1135 2243 1337 2320 -ἐνεστρατο-

272 2344 434 2418 πέδευον,
469 2342 524 2407 ssd
556 2343 656 2406 castra
681 2341 842 2406 habebant.
903 2340 1116 2406 Scribonium:
1154 2348 1336 2426 ἐνστρατο-

272 2441 476 2530 πεδείσυσιν
507 2441 643 2521 ου’τοῑς,
680 2461 773 2519 τοῖς
807 2449 847 2512 δὲ
877 2449 1032 2512 οἰκεῖοι
1061 2453 1338 2522 κατασταθέντες

271 2550 332 2622 ὑπ’
355 2547 469 2621 αὐτῶν
491 2548 653 2619 δυνάσται
676 2552 848 2630 (domestici
870 2553 1008 2636 dynastae
1030 2555 1062 2616 et
1082 2556 1206 2638 reguli).

373 2661 443 2726 Ibd.
456 2660 517 2722 323
530 2659 575 2739 (7,
590 2662 641 2733 it:
663 2651 739 2722 Εἶτ’
762 2651 831 2722 οίπό
855 2663 920 2740 μὲν
941 2651 1180 2741 Ἀμβρακικοῦ
1206 2654 1337 2725 κόλπου

271 2762 313 2832 τοί
345 2761 488 2832 νεύοντα
509 2765 628 2849 ἐφεξῆς
651 2759 737 2845 πρὸς
757 2771 798 2828 ἔοι
820 2760 861 2830 ια’
884 2757 1159 2853 α’ντιπαρήκοντα
1193 2767 1236 2852 τῇ
1259 2767 1335 2831 Πε-

272 2865 472 2957 λοποννήσῳ
500 2872 561 2953 τῆς
592 2865 757 2942 Ἑλλάδος
791 2871 896 2935 ἐστίν·
932 2860 996 2935 εἶτ’
1025 2873 1180 2936 ἐκπίπτει
1214 2875 1263 2944 εἰς
1295 2865 1335 2936 τί

272 2983 420 3065 Αἰγαῖον
447 2979 594 3061 πέλαγος
621 2967 837 3041 οίπολιπόντα
869 2979 906 3040 ἐν
933 2977 1021 3060 δεξιᾷ
1055 2973 1119 3061 τήν
1156 2969 1338 3044 Πελοπόν-

272 3111 378 3170 νησον
398 3082 492 3171 ὅλην.
528 3083 804 3148 HoooxPleibone
816 3083 984 3163 sumptum,
1005 3083 1057 3165 qbi
1078 3085 1133 3148 aut
1152 3084 1338 3166 interpolato

272 3193 373 3257 codice
404 3207 478 3258 usus
511 3191 559 3253 osi
591 3191 646 3252 aui
676 3189 742 3271 ipse
775 3189 879 3252 locum
916 3188 1121 3272 interpolavit.
1178 3189 1338 3256 Strabonis

271 3289 405 3363 oodioos:
444 3287 503 3360 εἶτ’
542 3294 697 3366 ἐκπίπτει
740 3295 802 3360 τοῦ
840 3295 990 3380 Αἰγαίου
1026 3290 1211 3382 πελάγους,
1257 3293 1339 3376 quod

273 3421 309 3468 ετ
349 3403 403 3466 illo
437 3401 539 3466 ortum
580 3419 647 3466 osso
688 3401 803 3483 nequit.
856 3399 1072 3465 Scribonium:
1115 3401 1207 3465 ἐστίν
1246 3393 1337 3465 οὐδ’

272 3509 430 3574 ἐκπίπτει
462 3507 525 3572 τοὺ
547 3505 698 3593 Αἰγαίου
718 3501 905 3594 πελάγους,
938 3497 1155 3573 α’πολιπόντα
1186 3531 1216 3570 κ.
1241 3531 1271 3572 τ.
1295 3507 1337 3579 λ.,

271 3635 332 3678 non
354 3613 465 3675 ατοιᾱδ
484 3611 743 3695 mareAEyoeum,
765 3613 916 3678 nonuiirs
926 3613 1133 3678 meridianum
1155 3613 1220 3678 eius
1241 3612 1339 3675 flnom

272 3719 413 3784 excurrit.
429 3737 431 3746 ’
449 3717 496 3782 De
518 3719 699 3783 ἐκπίπτειν
719 3718 773 3784 cfr.
802 3719 834 3782 Π
858 3737 888 3800 p.
912 3719 951 3779 72
974 3717 1030 3782 sub
1045 3717 1096 3782 fin.
1119 3719 1160 3796 (1,
1186 3718 1245 3795 14).

372 3824 439 3890 Ibd.
460 3825 521 3887 325
542 3825 589 3904 (λ,
618 3824 665 3900 6);
693 3815 731 3888 τό
768 3850 805 3888 τε
830 3817 1108 3890 κατασκευασθὲν
1136 3829 1278 3907 τίμενος
1299 3827 1340 3888 ἐν

271 3931 317 4015 τῷ
346 3931 549 4015 προαστείῳ,
585 3925 622 3994 so*
652 3919 718 4014 Ιμὲν
747 3975 755 3992 .
786 3974 824 3994 ..
854 3935 891 3994 ἐν
918 3927 1012 3996 ἄλσει
1043 3981 1050 3995 .
1078 3975 1086 3992 .
1117 3975 1138 4004 .,
1171 3925 1208 3994 το’
1243 3930 1277 3994 δὲ
1300 3933 1340 3992 ἐν

271 4036 316 4121 τῷ
345 4030 579 4122 ν’περκειμίνρι
608 4037 670 4101 τοῦ
691 4031 815 4108 ἄλσους
850 4037 925 4122 ispo]
962 4030 1063 4124 λόφῳ.
1107 4035 1186 4101 Sor:
1214 4027 1267 4100 τοί
1299 4059 1340 4098 τε

224 4129 228 4140 ’
273 4144 669 4208 κατασκευασθέντι
703 4144 827 4225 τεμένη
857 4148 892 4207 ἐν
914 4144 958 4228 τῷ
989 4141 1187 4228 προαστείῳ.
1241 4141 1341 4206 Paulo
