3000 4668
314 289 377 353 320
480 307 485 322 “
737 287 798 343 Lib.
818 287 869 343 111.

274 482 454 571 σταύρσνν.
499 487 715 554 scribendum:
739 485 957 552 διίλσυνεν
979 481 1002 567 η’
1025 482 1165 572 στρατιαὶ
1190 486 1261 564 (hoe
1283 485 1338 550 ad·

274 596 369 672 ditur,
403 592 483 678 quod
507 593 662 675 superiora
689 592 727 656 de
756 607 955 677 στρατηγοῖς
983 593 1066 658 diota
1095 593 1209 669 erant);
1238 592 1336 673 operis

273 701 365 767 divisi
388 699 571 784 significatio
593 698 649 762 hoo
669 699 747 775 loeo,
769 698 823 764 ubi
838 696 876 762 de
890 699 966 763 solis
978 697 1217 762 Atheniensibus
1236 697 1338 782 agitur

273 807 345 870 nee'
362 805 427 870 ulla
458 803 635 886 partitionis
666 802 746 868 ratio
778 803 933 868 indicatur
965 803 1066 878 (velut
1095 797 1180 870 κατσί
1204 797 1336 894 φυλάς),

273 911 375 974 minus
392 895 471 991 {apta
493 911 550 974 est.
586 895 731 992 Alioquin
746 908 940 973 seribendum
960 911 1029 973 erat
1050 909 1230 993 βαλομένη
1252 899 1338 994 ἦγεν

273 1008 295 1097 ἡ
320 1039 368 1082 στ.
391 1014 489 1090 (Male
511 1014 739 1097 interpungitur
759 1015 837 1078 ante
853 1012 995 1098 τάφρον.
1040 1015 1226 1080 Transverso
1248 1029 1336 1078 muro

275 1124 381 1185 eontra
408 1120 606 1202 Megarenses
640 1119 731 1182 duoto
765 1119 804 1183 ab
835 1119 888 1184 illo
919 1119 991 1184 inde
1023 1119 1106 1198 loeo,
1139 1121 1193 1186 ubi
1212 1120 1240 1184 is
1261 1122 1336 1196 erat,

273 1245 369 1308 usque
396 1225 438 1289 eoi
453 1243 539 1288 mere
561 1225 599 1289 ab
621 1224 750 1307 utraque
770 1225 859 1306 parte
881 1224 991 1290 Niseeae
1016 1225 1132 1290 fossam
1153 1243 1337 1308 murumque

273 1332 501 1414 perduxerunt.)

321 1473 326 1490 ·
373 1433 440 1500 Ibd.
454 1435 504 1512 72,
526 1437 560 1500 4:
586 1427 628 1499 ου’
645 1436 764 1518 μέντοι
780 1441 817 1498 ε”ν
833 1459 872 1519 ys
892 1436 938 1521 τῷ
953 1439 1057 1501 παντί
1081 1433 1165 1522 ἔργῳ
1187 1435 1337 1519 βεβαίως

274 1537 444 1626 οὐδέτεροι
467 1533 730 1624 τελευτήσαντες
755 1532 1009 1626 α’πεκρίθηοαν.
1063 1541 1248 1622 Canopum
1270 1559 1336 1606 essa

272 1641 538 1732 τελευτήσαντες
559 1646 764 1721 eonsentitur3
800 1647 993 1712 scribendum
1016 1648 1152 1714 uidetur:
1174 1645 1336 1731 βεβαίῳ

274 1751 443 1837 ουδίτεροι
466 1757 577 1818 τέλει
601 1745 915 1837 εὐτυχήσαντες
937 1747 1192 1838 α’πεκρίθησαν.
1217 1753 1337 1832 (Prosd-
1391 1805 1394 1812 .

272 1875 326 1926 ma
357 1861 512 1942 superiore
543 1859 597 1922 alii
629 1863 713 1922 reete
746 1863 958 1933 consuerunt:
1002 1853 1283 1946 προσελάσαντος
1303 1863 1336 1922 ot

273 1961 463 2051 Ἀθηναῖοι
487 1958 1004 2044 ἀποκτείναντεςἐσκύλευσαν.)

373 2072 441 2136 Ibd.
465 2072 515 2149 73,
537 2073 572 2134 4:
607 2063 819 2157 λογιζόμενοι
847 2074 957 2152 καίςοὶ
989 2072 1126 2139 ἐκείνων
1155 2068 1335 2154 στρατηγοί

272 2172 322 2262 μή
346 2170 538 2243 α’ντίπαλον
559 2176 646 2241 εἶναι
670 2177 762 2260 σφίσι
791 2172 853 2242 τείν
884 2178 1062 2253 κίνδυνον,
1093 2191 1185 2252 ..“.,
1218 2173 1334 2262 ὀίρξασι

266 2277 378 2370 μοίχης
414 2278 500 2368 noir
538 2284 700 2355 πλείονας
742 2277 857 2349 αὐτῶν
899 2277 922 2368 ἦ
967 2276 1330 2368 reffero-matamors

267 2393 410 2474 ,Μέγαρα
434 2384 456 2474 ἢ
479 2391 666 2472 σφαλέντος
687 2389 732 2472 τῷ
752 2389 917 2473 βελτίστῳ
938 2392 1007 2457 Ιτοῦ
1034 2386 1214 2457 ὁπλιτικοῦ
1240 2391 1330 2470 βλα-

267 2497 414 2581 φθῆναι,
435 2509 507 2568 τοῖς
530 2495 564 2560 os
586 2487 767 2579 ξυμπάσης
788 2495 849 2579 τῆς
872 2490 1050 2581 δυνάμεως
1072 2497 1128 2562 καὶ
1150 2495 1218 2560 τῶν
1239 2519 1329 2579 παρ·
1361 2543 1363 2550 ,

267 2593 376 2666 όντων
420 2605 524 2685 μέρος
564 2611 705 2666 ἕκαστον
743 2595 974 2678 κινδυνεύειν,
1010 2597 1162 2676 ,εἰκότως
1195 2604 1329 2674 ἐθέλειν

266 2709 408 2792 τολμᾶν.
459 2709 621 2773 Postrema
641 2707 706 2771 haea
728 2707 822 2772 verba
848 2708 925 2774 adeo
952 2708 1038 2772 nulla
1058 2707 1232 2772 vinciuntur
1251 2707 1329 2792 legi·

264 2814 343 2880 tima
365 2813 513 2878 orationis
535 2815 698 2891 structura,
719 2809 942 2897 utKruegerus
964 2813 1092 2878 verbum
1114 2807 1328 2879 κινδυνείειν

263 2937 387 3001 prorsus
408 2919 478 2984 tolli
501 2911 647 2996 voluerit,
681 2919 714 2981 in
744 2938 803 3001 quo
832 2919 899 3002 ipsa
926 2917 1084 2984 sententia
1112 2919 1160 2998 vis
1188 2920 1327 2984 vantur.

264 3025 463 3090 Manifestum
487 3025 536 3090 est
558 3025 640 3092 enim
661 3024 719 3100 hoo
739 3024 812 3103 diei,
842 3023 1031 3090 adversarios
1053 3023 1326 3106 (Peloponnesios),

263 3131 374 3214 quibus
396 3131 498 3194 minus
520 3130 622 3213 gravis
643 3129 685 3194 sit
704 3123 834 3211 periculi
848 3131 880 3195 et
894 3129 1081 3194 disorimnis
1100 3127 1245 3205 cernuo,
1267 3147 1327 3194 non

263 3237 329 3302 sine
359 3255 451 3301 eausa
476 3254 613 3319 pugnare
643 3237 737 3313 velle3
770 3237 876 3318 itaque
902 3231 1021 3298 duabus
1050 3233 1165 3300 litteris
1187 3234 1274 3298 initio
1297 3234 1329 3298 et

173 3419 178 3428 ⁵
261 3343 294 3408 in
316 3343 377 3406 fine
400 3341 530 3407 sublatis
552 3342 596 3406 sie
619 3341 815 3406 seribendnm
837 3341 901 3405 est:
924 3334 964 3402 οἷ
967 3362 984 3410 ς
1007 3337 1042 3402 aa
1065 3334 1245 3423 ξυμπάσης
1266 3340 1328 3424 τῆς

194 3521 199 3536 x
217 3457 225 3472 “
263 3442 439 3532 δυνάμεως
453 3450 506 3513 καὶ
526 3448 594 3511 τῶν
606 3443 787 3534 παρόντων
798 3449 901 3528 μέρος
912 3427 1054 3510 ἑκαστον
1067 3439 1326 3514 κινδυνεύει.

263 3547 400 3634 εἰκότας
430 3555 565 3620 ἐθέλειν
592 3553 735 3636 τολμᾶν.
782 3552 919 3634 Apparet
949 3550 1102 3634 portion,
1137 3569 1198 3616 non
1229 3551 1327 3618 totius

261 3659 432 3746 euenum
454 3659 636 3744 significari3
660 3660 796 3722 aeterum
811 3673 881 3720 eam
895 3655 1003 3738 partiti
1020 3654 1217 3723 discriminis.
1231 3655 1326 3739 signi·

262 3763 438 3832 aarum
462 3785 521 3830 non
553 3783 630 3848 nego
662 3764 878 3828 subobscuram
901 3779 983 3835 esse,
1012 3761 1125 3844 ipsius,
1153 3762 1189 3824 nt
1210 3762 1326 3842 opinor,
1419 3808 1422 3812 -

262 3869 449 3954 Tbueydibts
473 3871 572 3952 eulpa.
627 3868 756 3934 Videtur
778 3867 921 3952 intellegi
940 3865 1082 3944 voluisse,
1105 3865 1169 3931 siue
1190 3865 1326 3939 totunm

261 3975 553 4057 Peloponnesiorum
574 3974 729 4056 eopiarum
752 3973 816 4036 siue
840 3969 922 4050 erue,
945 3973 998 4054 qui
1019 3972 1153 4050 adesset,
1175 3971 1325 4036 mannitus

177 4074 182 4082 ’
261 4081 339 4146 ratio
360 4081 533 4156 haberetur,
555 4079 724 4162 perieulum
742 4065 1324 4162 intersingulesoivit‘etassiedivisnm
