<?xml version="1.0" encoding="UTF-8"?>
<!DOCTYPE html PUBLIC "-//W3C//DTD XHTML 1.0 Transitional//EN"
    "http://www.w3.org/TR/xhtml1/DTD/xhtml1-transitional.dtd">
<html xmlns="http://www.w3.org/1999/xhtml" xml:lang="en" lang="en">
 <head>
  <title>
</title>
<meta http-equiv="Content-Type" content="text/html;charset=utf-8" />
  <meta name='ocr-system' content='tesseract 3.04.00' />
  <meta name='ocr-capabilities' content='ocr_page ocr_carea ocr_par ocr_line ocrx_word'/>
</head>
<body>
  <div class='ocr_page' id='page_1' title='image "./adversariacriti02madvgoog_0042.png"; bbox 0 0 2944 4660; ppageno 0'>
   <div class='ocr_carea' id='block_1_1' title="bbox 606 291 1146 357">
    <p class='ocr_par' dir='ltr' id='par_1_1' title="bbox 606 291 1146 357">
     <span class='ocr_line' id='line_1_1' title="bbox 606 291 1146 357; baseline -0.002 -10"><span class='ocrx_word' id='word_1_1' title='bbox 606 291 668 348; x_wconf 79' lang='lat' dir='ltr'>inb.</span> <span class='ocrx_word' id='word_1_2' title='bbox 681 292 705 349; x_wconf 91' lang='lat' dir='ltr'>I.</span> <span class='ocrx_word' id='word_1_3' title='bbox 1106 295 1146 357; x_wconf 74' lang='lat'>2¹7</span> 
     </span>
    </p>
   </div>
   <div class='ocr_carea' id='block_1_2' title="bbox 118 486 1196 4163">
    <p class='ocr_par' dir='ltr' id='par_1_2' title="bbox 118 486 1196 4163">
     <span class='ocr_line' id='line_1_2' title="bbox 118 486 1190 574; baseline 0.007 -24"><span class='ocrx_word' id='word_1_4' title='bbox 118 503 197 568; x_wconf 86' lang='lat' dir='ltr'>saepe</span> <span class='ocrx_word' id='word_1_5' title='bbox 221 486 338 552; x_wconf 84' lang='lat' dir='ltr'>litterae</span> <span class='ocrx_word' id='word_1_6' title='bbox 361 487 479 570; x_wconf 77' lang='lat' dir='ltr'><strong>aliquot</strong></span> <span class='ocrx_word' id='word_1_7' title='bbox 500 490 708 560; x_wconf 87' lang='lat' dir='ltr'>mutabantur.</span> <span class='ocrx_word' id='word_1_8' title='bbox 750 489 856 571; x_wconf 76' lang='lat' dir='ltr'>Atque</span> <span class='ocrx_word' id='word_1_9' title='bbox 875 489 969 554; x_wconf 85' lang='lat' dir='ltr'>etiarn</span> <span class='ocrx_word' id='word_1_10' title='bbox 991 492 1073 568; x_wconf 83' lang='lat' dir='ltr'>ante,</span> <span class='ocrx_word' id='word_1_11' title='bbox 1095 509 1190 574; x_wconf 83' lang='lat' dir='ltr'>qnam</span> 
     </span>
     <span class='ocr_line' id='line_1_3' title="bbox 119 583 1192 678; baseline 0.007 -23"><span class='ocrx_word' id='word_1_12' title='bbox 119 591 212 656; x_wconf 85' lang='lat' dir='ltr'>verba</span> <span class='ocrx_word' id='word_1_13' title='bbox 240 591 406 658; x_wconf 83' lang='lat' dir='ltr'>scribendo</span> <span class='ocrx_word' id='word_1_14' title='bbox 433 583 672 676; x_wconf 71' lang='lat' dir='ltr'>separabantur,</span> <span class='ocrx_word' id='word_1_15' title='bbox 701 595 734 660; x_wconf 88' lang='lat' dir='ltr'>in</span> <span class='ocrx_word' id='word_1_16' title='bbox 758 595 888 678; x_wconf 80' lang='lat' dir='ltr'>legendo</span> <span class='ocrx_word' id='word_1_17' title='bbox 916 595 948 658; x_wconf 91' lang='lat' dir='ltr'>hi</span> <span class='ocrx_word' id='word_1_18' title='bbox 969 615 1085 662; x_wconf 85' lang='lat' dir='ltr'>errores</span> <span class='ocrx_word' id='word_1_19' title='bbox 1107 597 1192 662; x_wconf 87' lang='lat' dir='ltr'>aeol-</span> 
     </span>
     <span class='ocr_line' id='line_1_4' title="bbox 121 697 1191 778; baseline 0.006 -18"><span class='ocrx_word' id='word_1_20' title='bbox 121 697 188 760; x_wconf 89' lang='lat' dir='ltr'>dere</span> <span class='ocrx_word' id='word_1_21' title='bbox 206 699 352 778; x_wconf 84' lang='lat' dir='ltr'>poterent</span> <span class='ocrx_word' id='word_1_22' title='bbox 373 701 404 763; x_wconf 86' lang='lat' dir='ltr'>et</span> <span class='ocrx_word' id='word_1_23' title='bbox 425 699 611 764; x_wconf 75' lang='lat' dir='ltr'><strong>scribentem</strong></span> <span class='ocrx_word' id='word_1_24' title='bbox 639 700 764 765; x_wconf 88' lang='lat' dir='ltr'>turbare</span> <span class='ocrx_word' id='word_1_25' title='bbox 792 703 823 764; x_wconf 92' lang='lat' dir='ltr'>et</span> <span class='ocrx_word' id='word_1_26' title='bbox 849 699 890 764; x_wconf 85' lang='lat' dir='ltr'>ud</span> <span class='ocrx_word' id='word_1_27' title='bbox 915 701 1081 768; x_wconf 83' lang='lat' dir='ltr'>mutandas</span> <span class='ocrx_word' id='word_1_28' title='bbox 1102 701 1191 766; x_wconf 87' lang='lat' dir='ltr'>litte·</span> 
     </span>
     <span class='ocr_line' id='line_1_5' title="bbox 119 801 1190 887; baseline 0.004 -21"><span class='ocrx_word' id='word_1_29' title='bbox 119 820 167 866; x_wconf 82' lang='lat' dir='ltr'>ras</span> <span class='ocrx_word' id='word_1_30' title='bbox 200 801 374 884; x_wconf 80' lang='lat' dir='ltr'>impellere.</span> <span class='ocrx_word' id='word_1_31' title='bbox 427 805 536 887; x_wconf 83' lang='lat' dir='ltr'>Itaque</span> <span class='ocrx_word' id='word_1_32' title='bbox 567 805 731 886; x_wconf 71' lang='lat' dir='ltr'>multiplex</span> <span class='ocrx_word' id='word_1_33' title='bbox 760 805 901 874; x_wconf 77' lang='lat' dir='ltr'>pasoitur</span> <span class='ocrx_word' id='word_1_34' title='bbox 931 807 1077 887; x_wconf 78' lang='lat' dir='ltr'>contusio.</span> <span class='ocrx_word' id='word_1_35' title='bbox 1126 807 1190 870; x_wconf 88' lang='lat' dir='ltr'>Ra-</span> 
     </span>
     <span class='ocr_line' id='line_1_6' title="bbox 120 907 1192 993; baseline 0.004 -21"><span class='ocrx_word' id='word_1_36' title='bbox 120 907 243 972; x_wconf 86' lang='lat' dir='ltr'>rissime</span> <span class='ocrx_word' id='word_1_37' title='bbox 261 908 346 972; x_wconf 87' lang='lat' dir='ltr'>enim</span> <span class='ocrx_word' id='word_1_38' title='bbox 367 926 473 976; x_wconf 87' lang='lat' dir='ltr'>omnes</span> <span class='ocrx_word' id='word_1_39' title='bbox 493 910 606 976; x_wconf 81' lang='lat' dir='ltr'>litterae</span> <span class='ocrx_word' id='word_1_40' title='bbox 629 913 802 993; x_wconf 77' lang='lat' dir='ltr'>supersunt,</span> <span class='ocrx_word' id='word_1_41' title='bbox 823 914 945 978; x_wconf 89' lang='lat' dir='ltr'>tantum</span> <span class='ocrx_word' id='word_1_42' title='bbox 967 913 1050 977; x_wconf 88' lang='lat' dir='ltr'>male</span> <span class='ocrx_word' id='word_1_43' title='bbox 1073 911 1192 990; x_wconf 71' lang='lat' dir='ltr'>dinsa,</span> 
     </span>
     <span class='ocr_line' id='line_1_7' title="bbox 121 1009 1189 1100; baseline 0.006 -24"><span class='ocrx_word' id='word_1_44' title='bbox 121 1014 154 1076; x_wconf 93' lang='lat' dir='ltr'>ut</span> <span class='ocrx_word' id='word_1_45' title='bbox 181 1013 268 1095; x_wconf 90' lang='lat' dir='ltr'>apud</span> <span class='ocrx_word' id='word_1_46' title='bbox 298 1013 462 1078; x_wconf 87' lang='lat' dir='ltr'>Platonem</span> <span class='ocrx_word' id='word_1_47' title='bbox 490 1035 515 1080; x_wconf 90' lang='lat' dir='ltr'>r.</span> <span class='ocrx_word' id='word_1_48' title='bbox 542 1035 571 1097; x_wconf 93' lang='lat' dir='ltr'>p.</span> <span class='ocrx_word' id='word_1_49' title='bbox 595 1009 656 1080; x_wconf 76' lang='lat' dir='ltr'>illl</span> <span class='ocrx_word' id='word_1_50' title='bbox 684 1036 714 1098; x_wconf 94' lang='lat' dir='ltr'>p.</span> <span class='ocrx_word' id='word_1_51' title='bbox 751 1017 811 1080; x_wconf 81' lang='grc'>519</span> <span class='ocrx_word' id='word_1_52' title='bbox 840 1018 887 1093; x_wconf 93' lang='grc' dir='ltr'>Β,</span> <span class='ocrx_word' id='word_1_53' title='bbox 919 1019 972 1082; x_wconf 90' lang='lat' dir='ltr'>uhi</span> <span class='ocrx_word' id='word_1_54' title='bbox 1001 1017 1110 1100; x_wconf 89' lang='lat' dir='ltr'>optimi</span> <span class='ocrx_word' id='word_1_55' title='bbox 1138 1037 1189 1082; x_wconf 90' lang='lat' dir='ltr'>oo-</span> 
     </span>
     <span class='ocr_line' id='line_1_8' title="bbox 121 1118 1190 1206; baseline 0.004 -24"><span class='ocrx_word' id='word_1_56' title='bbox 121 1118 203 1184; x_wconf 88' lang='lat' dir='ltr'>diees</span> <span class='ocrx_word' id='word_1_57' title='bbox 238 1119 325 1201; x_wconf 82' lang='lat' dir='ltr'>(Por.</span> <span class='ocrx_word' id='word_1_58' title='bbox 358 1118 388 1182; x_wconf 84' lang='lat' dir='ltr'>A</span> <span class='ocrx_word' id='word_1_59' title='bbox 421 1121 453 1184; x_wconf 87' lang='lat' dir='ltr'>et</span> <span class='ocrx_word' id='word_1_60' title='bbox 483 1119 550 1202; x_wconf 86' lang='lat' dir='ltr'>elii)</span> <span class='ocrx_word' id='word_1_61' title='bbox 592 1120 637 1186; x_wconf 88' lang='lat' dir='ltr'>sio</span> <span class='ocrx_word' id='word_1_62' title='bbox 670 1121 820 1204; x_wconf 87' lang='lat' dir='ltr'>seriptum</span> <span class='ocrx_word' id='word_1_63' title='bbox 860 1121 996 1188; x_wconf 88' lang='lat' dir='ltr'>habent:</span> <span class='ocrx_word' id='word_1_64' title='bbox 1046 1122 1096 1204; x_wconf 81' lang='lat' dir='ltr'>(ol</span> <span class='ocrx_word' id='word_1_65' title='bbox 1125 1147 1190 1206; x_wconf 85' lang='grc' dir='ltr'>μο-</span> 
     </span>
     <span class='ocr_line' id='line_1_9' title="bbox 121 1216 1190 1313; baseline 0.003 -24"><span class='ocrx_word' id='word_1_66' title='bbox 121 1223 297 1309; x_wconf 70' lang='grc' dir='ltr'><strong><em>λυβδίδας)</em></strong></span> <span class='ocrx_word' id='word_1_67' title='bbox 331 1217 409 1308; x_wconf 79' lang='grc' dir='ltr'><strong><em>περὶ</em></strong></span> <span class='ocrx_word' id='word_1_68' title='bbox 441 1216 527 1288; x_wconf 78' lang='grc' dir='ltr'><strong><em>κάτω</em></strong></span> <span class='ocrx_word' id='word_1_69' title='bbox 568 1230 745 1309; x_wconf 76' lang='grc' dir='ltr'><strong><em>στρέφουσι</em></strong></span> <span class='ocrx_word' id='word_1_70' title='bbox 773 1222 839 1310; x_wconf 75' lang='grc' dir='ltr'>τήν</span> <span class='ocrx_word' id='word_1_71' title='bbox 865 1229 928 1312; x_wconf 80' lang='grc' dir='ltr'>τῆς</span> <span class='ocrx_word' id='word_1_72' title='bbox 958 1229 1069 1313; x_wconf 74' lang='grc' dir='ltr'><strong><em>ψυχῆς</em></strong></span> <span class='ocrx_word' id='word_1_73' title='bbox 1097 1224 1190 1306; x_wconf 79' lang='grc' dir='ltr'><strong><em>ὄψιν,</em></strong></span> 
     </span>
     <span class='ocr_line' id='line_1_10' title="bbox 121 1321 1190 1416; baseline 0.001 -22"><span class='ocrx_word' id='word_1_74' title='bbox 121 1331 210 1394; x_wconf 89' lang='lat' dir='ltr'>Plato</span> <span class='ocrx_word' id='word_1_75' title='bbox 231 1331 300 1412; x_wconf 91' lang='lat' dir='ltr'>ipse</span> <span class='ocrx_word' id='word_1_76' title='bbox 322 1321 494 1414; x_wconf 72' lang='grc' dir='ltr'>περικάτω</span> <span class='ocrx_word' id='word_1_77' title='bbox 515 1329 579 1413; x_wconf 83' lang='lat' dir='ltr'>legi</span> <span class='ocrx_word' id='word_1_78' title='bbox 599 1333 752 1411; x_wconf 75' lang='lat' dir='ltr'>voluerat.</span> <span class='ocrx_word' id='word_1_79' title='bbox 769 1353 843 1398; x_wconf 78' lang='lat' dir='ltr'>risus</span> <span class='ocrx_word' id='word_1_80' title='bbox 864 1332 1019 1416; x_wconf 82' lang='lat' dir='ltr'>popularis</span> <span class='ocrx_word' id='word_1_81' title='bbox 1040 1331 1190 1398; x_wconf 88' lang='lat' dir='ltr'>sermonis</span> 
     </span>
     <span class='ocr_line' id='line_1_11' title="bbox 122 1433 1191 1518; baseline 0.002 -18"><span class='ocrx_word' id='word_1_82' title='bbox 122 1435 285 1513; x_wconf 82' lang='lat' dir='ltr'>adverbio,</span> <span class='ocrx_word' id='word_1_83' title='bbox 323 1455 383 1518; x_wconf 88' lang='lat' dir='ltr'>qno</span> <span class='ocrx_word' id='word_1_84' title='bbox 413 1433 643 1518; x_wconf 77' lang='lat' dir='ltr'>significabatur</span> <span class='ocrx_word' id='word_1_85' title='bbox 670 1439 826 1504; x_wconf 90' lang='lat' dir='ltr'>summis</span> <span class='ocrx_word' id='word_1_86' title='bbox 856 1439 901 1504; x_wconf 84' lang='lat' dir='ltr'>ad</span> <span class='ocrx_word' id='word_1_87' title='bbox 921 1438 1038 1504; x_wconf 90' lang='lat' dir='ltr'>imum</span> <span class='ocrx_word' id='word_1_88' title='bbox 1057 1437 1191 1515; x_wconf 80' lang='lat' dir='ltr'>versis,</span> 
     </span>
     <span class='ocr_line' id='line_1_12' title="bbox 122 1540 1193 1628; baseline 0.003 -23"><span class='ocrx_word' id='word_1_89' title='bbox 122 1541 248 1624; x_wconf 86' lang='lat' dir='ltr'>eapite</span> <span class='ocrx_word' id='word_1_90' title='bbox 272 1540 576 1606; x_wconf 84' lang='lat' dir='ltr'>deorsumvorso</span> <span class='ocrx_word' id='word_1_91' title='bbox 600 1541 850 1628; x_wconf 82' lang='lat' dir='ltr'>(kopfunter)‚</span> <span class='ocrx_word' id='word_1_92' title='bbox 874 1543 1193 1627; x_wconf 82' lang='lat' dir='ltr'>qnodAristophanes</span> 
     </span>
     <span class='ocr_line' id='line_1_13' title="bbox 122 1639 1191 1731; baseline 0.002 -19"><span class='ocrx_word' id='word_1_93' title='bbox 122 1639 302 1730; x_wconf 75' lang='grc' dir='ltr'>κατωκάρα</span> <span class='ocrx_word' id='word_1_94' title='bbox 325 1646 411 1712; x_wconf 75' lang='lat' dir='ltr'>didit.</span> <span class='ocrx_word' id='word_1_95' title='bbox 458 1645 495 1710; x_wconf 87' lang='lat' dir='ltr'>Id</span> <span class='ocrx_word' id='word_1_96' title='bbox 506 1644 687 1712; x_wconf 84' lang='lat' dir='ltr'>adverbium</span> <span class='ocrx_word' id='word_1_97' title='bbox 698 1649 828 1714; x_wconf 80' lang='lat' dir='ltr'>Plotius</span> <span class='ocrx_word' id='word_1_98' title='bbox 842 1650 874 1714; x_wconf 90' lang='lat' dir='ltr'>in</span> <span class='ocrx_word' id='word_1_99' title='bbox 890 1651 985 1716; x_wconf 75' lang='lat' dir='ltr'>lexico</span> <span class='ocrx_word' id='word_1_100' title='bbox 1007 1643 1191 1731; x_wconf 72' lang='grc' dir='ltr'><strong><em>(περικάτω</em></strong></span> 
     </span>
     <span class='ocr_line' id='line_1_14' title="bbox 121 1744 1194 1837; baseline 0.003 -20"><span class='ocrx_word' id='word_1_101' title='bbox 121 1746 350 1836; x_wconf 76' lang='grc' dir='ltr'><strong><em>τραπήοεται)</em></strong></span> <span class='ocrx_word' id='word_1_102' title='bbox 378 1744 538 1834; x_wconf 73' lang='grc' dir='ltr'><strong><em>συνήθως</em></strong></span> <span class='ocrx_word' id='word_1_103' title='bbox 565 1753 726 1837; x_wconf 70' lang='grc' dir='ltr'><strong><em>λέγεσθαι</em></strong></span> <span class='ocrx_word' id='word_1_104' title='bbox 756 1755 877 1830; x_wconf 75' lang='lat' dir='ltr'>scribit3</span> <span class='ocrx_word' id='word_1_105' title='bbox 910 1775 983 1820; x_wconf 88' lang='lat' dir='ltr'>usus</span> <span class='ocrx_word' id='word_1_106' title='bbox 1016 1773 1051 1820; x_wconf 84' lang='lat' dir='ltr'>oo</span> <span class='ocrx_word' id='word_1_107' title='bbox 1079 1755 1127 1819; x_wconf 82' lang='lat' dir='ltr'>est</span> <span class='ocrx_word' id='word_1_108' title='bbox 1161 1757 1194 1820; x_wconf 81' lang='lat' dir='ltr'>et</span> 
     </span>
     <span class='ocr_line' id='line_1_15' title="bbox 123 1859 1192 1952; baseline 0.001 -29"><span class='ocrx_word' id='word_1_109' title='bbox 123 1861 265 1942; x_wconf 83' lang='lat' dir='ltr'>antiquos</span> <span class='ocrx_word' id='word_1_110' title='bbox 294 1859 326 1922; x_wconf 92' lang='lat' dir='ltr'>et</span> <span class='ocrx_word' id='word_1_111' title='bbox 353 1875 547 1922; x_wconf 88' lang='lat' dir='ltr'>eommnnem</span> <span class='ocrx_word' id='word_1_112' title='bbox 576 1875 750 1952; x_wconf 86' lang='lat' dir='ltr'>sennonem</span> <span class='ocrx_word' id='word_1_113' title='bbox 779 1879 908 1946; x_wconf 72' lang='lat' dir='ltr'>sequens</span> <span class='ocrx_word' id='word_1_114' title='bbox 934 1862 1120 1927; x_wconf 76' lang='lat' dir='ltr'>Plutarchus</span> <span class='ocrx_word' id='word_1_115' title='bbox 1154 1860 1192 1924; x_wconf 90' lang='lat' dir='ltr'>do</span> 
     </span>
     <span class='ocr_line' id='line_1_16' title="bbox 121 1963 1190 2048; baseline 0.002 -20"><span class='ocrx_word' id='word_1_116' title='bbox 121 1966 242 2030; x_wconf 81' lang='lat' dir='ltr'>fadiein</span> <span class='ocrx_word' id='word_1_117' title='bbox 255 1963 483 2038; x_wconf 77' lang='lat' dir='ltr'>orbelunae28,</span> <span class='ocrx_word' id='word_1_118' title='bbox 505 1963 524 2024; x_wconf 86' lang='lat'>8</span> <span class='ocrx_word' id='word_1_119' title='bbox 547 1964 590 2045; x_wconf 85' lang='lat' dir='ltr'>(p.</span> <span class='ocrx_word' id='word_1_120' title='bbox 604 1964 665 2028; x_wconf 85' lang='lat'>943</span> <span class='ocrx_word' id='word_1_121' title='bbox 676 1965 730 2048; x_wconf 79' lang='lat' dir='ltr'>D),</span> <span class='ocrx_word' id='word_1_122' title='bbox 752 1964 805 2029; x_wconf 87' lang='lat' dir='ltr'>ubi</span> <span class='ocrx_word' id='word_1_123' title='bbox 826 1965 940 2030; x_wconf 79' lang='lat' dir='ltr'>editur:</span> <span class='ocrx_word' id='word_1_124' title='bbox 965 1968 1056 2039; x_wconf 79' lang='grc' dir='ltr'><strong><em>ἐνίας</em></strong></span> <span class='ocrx_word' id='word_1_125' title='bbox 1079 1967 1113 2031; x_wconf 78' lang='grc' dir='ltr'>δὲ</span> <span class='ocrx_word' id='word_1_126' title='bbox 1136 1968 1190 2031; x_wconf 76' lang='grc' dir='ltr'>καὶ</span> 
     </span>
     <span class='ocr_line' id='line_1_17' title="bbox 122 2063 1193 2154; baseline -0.001 -19"><span class='ocrx_word' id='word_1_127' title='bbox 122 2070 188 2136; x_wconf 75' lang='grc' dir='ltr'>τῶν</span> <span class='ocrx_word' id='word_1_128' title='bbox 225 2075 294 2134; x_wconf 79' lang='grc' dir='ltr'><strong><em>ἐκεῖ</em></strong></span> <span class='ocrx_word' id='word_1_129' title='bbox 327 2068 470 2153; x_wconf 75' lang='grc' dir='ltr'><strong><em>(ψυχάν)</em></strong></span> <span class='ocrx_word' id='word_1_130' title='bbox 506 2063 756 2152; x_wconf 76' lang='grc' dir='ltr'><strong><em>τιορὶ[τά]κα’τω</em></strong></span> <span class='ocrx_word' id='word_1_131' title='bbox 797 2077 1009 2154; x_wconf 76' lang='grc' dir='ltr'><strong><em>τριπομένας</em></strong></span> <span class='ocrx_word' id='word_1_132' title='bbox 1037 2068 1110 2136; x_wconf 79' lang='grc' dir='ltr'><strong><em>οἷον</em></strong></span> <span class='ocrx_word' id='word_1_133' title='bbox 1143 2074 1193 2142; x_wconf 79' lang='grc' dir='ltr'>εἰς</span> 
     </span>
     <span class='ocr_line' id='line_1_18' title="bbox 121 2164 1192 2259; baseline 0 -19"><span class='ocrx_word' id='word_1_134' title='bbox 121 2169 242 2258; x_wconf 66' lang='lat' dir='ltr'>doddo</span> <span class='ocrx_word' id='word_1_135' title='bbox 266 2164 375 2247; x_wconf 78' lang='grc' dir='ltr'><strong><em>αὖθις</em></strong></span> <span class='ocrx_word' id='word_1_136' title='bbox 396 2168 498 2256; x_wconf 74' lang='lat' dir='ltr'>&lt;ipsios</span> <span class='ocrx_word' id='word_1_137' title='bbox 523 2175 790 2258; x_wconf 76' lang='grc' dir='ltr'><strong><em>καταδυομένας.</em></strong></span> <span class='ocrx_word' id='word_1_138' title='bbox 838 2176 934 2240; x_wconf 75' lang='lat' dir='ltr'>Recte</span> <span class='ocrx_word' id='word_1_139' title='bbox 956 2176 1075 2242; x_wconf 83' lang='lat' dir='ltr'>eodiees</span> <span class='ocrx_word' id='word_1_140' title='bbox 1097 2201 1192 2259; x_wconf 79' lang='grc' dir='ltr'><strong><em>περι-</em></strong></span> 
     </span>
     <span class='ocr_line' id='line_1_19' title="bbox 124 2275 1193 2364; baseline 0.001 -18"><span class='ocrx_word' id='word_1_141' title='bbox 124 2275 211 2346; x_wconf 85' lang='grc' dir='ltr'><strong><em>κάτω</em></strong></span> <span class='ocrx_word' id='word_1_142' title='bbox 235 2282 463 2364; x_wconf 73' lang='grc' dir='ltr'><strong><em>τρεπομένας.</em></strong></span> <span class='ocrx_word' id='word_1_143' title='bbox 506 2278 660 2360; x_wconf 77' lang='lat' dir='ltr'>(Platonis</span> <span class='ocrx_word' id='word_1_144' title='bbox 682 2280 814 2346; x_wconf 84' lang='lat' dir='ltr'>editores</span> <span class='ocrx_word' id='word_1_145' title='bbox 837 2299 874 2346; x_wconf 86' lang='lat' dir='ltr'>ex</span> <span class='ocrx_word' id='word_1_146' title='bbox 893 2280 1086 2364; x_wconf 84' lang='lat' dir='ltr'>interpolatis</span> <span class='ocrx_word' id='word_1_147' title='bbox 1108 2282 1193 2348; x_wconf 86' lang='lat' dir='ltr'>eodi-</span> 
     </span>
     <span class='ocr_line' id='line_1_20' title="bbox 124 2378 1194 2467; baseline 0 -15"><span class='ocrx_word' id='word_1_148' title='bbox 124 2388 210 2452; x_wconf 91' lang='lat' dir='ltr'>oibus</span> <span class='ocrx_word' id='word_1_149' title='bbox 235 2386 403 2452; x_wconf 85' lang='lat' dir='ltr'>tennerunt</span> <span class='ocrx_word' id='word_1_150' title='bbox 424 2385 502 2467; x_wconf 79' lang='grc' dir='ltr'><strong><em>πιρὶ</em></strong></span> <span class='ocrx_word' id='word_1_151' title='bbox 526 2378 568 2449; x_wconf 88' lang='grc' dir='ltr'>τά</span> <span class='ocrx_word' id='word_1_152' title='bbox 591 2379 698 2453; x_wconf 82' lang='grc' dir='ltr'><strong><em>κάτω,</em></strong></span> <span class='ocrx_word' id='word_1_153' title='bbox 732 2387 929 2452; x_wconf 84' lang='lat' dir='ltr'>Hermennus</span> <span class='ocrx_word' id='word_1_154' title='bbox 952 2379 1058 2465; x_wconf 75' lang='lat' dir='ltr'>enirn,</span> <span class='ocrx_word' id='word_1_155' title='bbox 1091 2387 1194 2452; x_wconf 85' lang='lat' dir='ltr'>deleto</span> 
     </span>
     <span class='ocr_line' id='line_1_21' title="bbox 124 2485 1194 2578; baseline 0 -20"><span class='ocrx_word' id='word_1_156' title='bbox 124 2494 232 2578; x_wconf 83' lang='grc' dir='ltr'><strong><em>περί.)</em></strong></span> <span class='ocrx_word' id='word_1_157' title='bbox 268 2493 305 2556; x_wconf 86' lang='lat' dir='ltr'>In</span> <span class='ocrx_word' id='word_1_158' title='bbox 328 2490 485 2572; x_wconf 76' lang='lat' dir='ltr'>Sophoclis</span> <span class='ocrx_word' id='word_1_159' title='bbox 500 2489 648 2574; x_wconf 82' lang='lat' dir='ltr'>Antigon.</span> <span class='ocrx_word' id='word_1_160' title='bbox 670 2492 732 2554; x_wconf 82' lang='lat'>205</span> <span class='ocrx_word' id='word_1_161' title='bbox 747 2511 793 2574; x_wconf 89' lang='lat' dir='ltr'>sq.</span> <span class='ocrx_word' id='word_1_162' title='bbox 816 2485 1004 2558; x_wconf 78' lang='grc' dir='ltr'><strong><em>αἰκιοθι’ντ’</em></strong></span> <span class='ocrx_word' id='word_1_163' title='bbox 1025 2511 1080 2574; x_wconf 89' lang='lat' dir='ltr'>pro</span> <span class='ocrx_word' id='word_1_164' title='bbox 1106 2497 1194 2558; x_wconf 85' lang='grc' dir='ltr'><strong><em>αἰκι-</em></strong></span> 
     </span>
     <span class='ocr_line' id='line_1_22' title="bbox 125 2592 1193 2684; baseline -0.002 -18"><span class='ocrx_word' id='word_1_165' title='bbox 125 2602 210 2666; x_wconf 72' lang='grc' dir='ltr'><strong><em>σθέν</em></strong></span> <span class='ocrx_word' id='word_1_166' title='bbox 225 2592 255 2664; x_wconf 83' lang='grc' dir='ltr'>τ’</span> <span class='ocrx_word' id='word_1_167' title='bbox 270 2596 421 2680; x_wconf 78' lang='lat' dir='ltr'>seriptum</span> <span class='ocrx_word' id='word_1_168' title='bbox 442 2595 511 2679; x_wconf 75' lang='lat' dir='ltr'>(oet</span> <span class='ocrx_word' id='word_1_169' title='bbox 535 2596 640 2680; x_wconf 77' lang='grc' dir='ltr'><strong><em>δέμας</em></strong></span> <span class='ocrx_word' id='word_1_170' title='bbox 662 2596 748 2662; x_wconf 79' lang='grc' dir='ltr'><strong><em>ἰδεῖν</em></strong></span> <span class='ocrx_word' id='word_1_171' title='bbox 769 2592 856 2682; x_wconf 84' lang='grc' dir='ltr'><strong><em>πρδς</em></strong></span> <span class='ocrx_word' id='word_1_172' title='bbox 877 2598 1006 2662; x_wconf 76' lang='grc' dir='ltr'><strong><em>οἰωνῶν</em></strong></span> <span class='ocrx_word' id='word_1_173' title='bbox 1029 2601 1084 2664; x_wconf 83' lang='grc' dir='ltr'>καὶ</span> <span class='ocrx_word' id='word_1_174' title='bbox 1106 2594 1193 2684; x_wconf 86' lang='grc' dir='ltr'><strong><em>πράς</em></strong></span> 
     </span>
     <span class='ocr_line' id='line_1_23' title="bbox 126 2694 1195 2786; baseline -0.001 -15"><span class='ocrx_word' id='word_1_175' title='bbox 126 2705 235 2772; x_wconf 78' lang='grc' dir='ltr'><strong><em>κανών</em></strong></span> <span class='ocrx_word' id='word_1_176' title='bbox 259 2697 397 2770; x_wconf 77' lang='grc' dir='ltr'><strong><em>ἐδεστὸν</em></strong></span> <span class='ocrx_word' id='word_1_177' title='bbox 418 2705 578 2770; x_wconf 75' lang='grc' dir='ltr'><strong><em>αἰκισθέν</em></strong></span> <span class='ocrx_word' id='word_1_178' title='bbox 599 2694 643 2785; x_wconf 81' lang='grc' dir='ltr'><strong><em>τ’)</em></strong></span> <span class='ocrx_word' id='word_1_179' title='bbox 664 2701 752 2781; x_wconf 78' lang='lat' dir='ltr'>feeit,</span> <span class='ocrx_word' id='word_1_180' title='bbox 782 2704 817 2766; x_wconf 93' lang='lat' dir='ltr'>ut</span> <span class='ocrx_word' id='word_1_181' title='bbox 845 2721 946 2786; x_wconf 83' lang='lat' dir='ltr'>pravae</span> <span class='ocrx_word' id='word_1_182' title='bbox 975 2704 1006 2768; x_wconf 89' lang='lat' dir='ltr'>et</span> <span class='ocrx_word' id='word_1_183' title='bbox 1027 2705 1113 2770; x_wconf 86' lang='lat' dir='ltr'>mirae</span> <span class='ocrx_word' id='word_1_184' title='bbox 1141 2725 1195 2770; x_wconf 82' lang='lat' dir='ltr'>ex-</span> 
     </span>
     <span class='ocr_line' id='line_1_24' title="bbox 125 2807 1194 2895; baseline 0 -21"><span class='ocrx_word' id='word_1_185' title='bbox 125 2811 334 2895; x_wconf 85' lang='lat' dir='ltr'>eogitarentur</span> <span class='ocrx_word' id='word_1_186' title='bbox 365 2809 528 2874; x_wconf 86' lang='lat' dir='ltr'>verborum</span> <span class='ocrx_word' id='word_1_187' title='bbox 558 2807 717 2872; x_wconf 80' lang='lat' dir='ltr'>iuncturae.</span> <span class='ocrx_word' id='word_1_188' title='bbox 772 2807 854 2872; x_wconf 87' lang='lat' dir='ltr'>Illud</span> <span class='ocrx_word' id='word_1_189' title='bbox 885 2828 971 2891; x_wconf 79' lang='lat' dir='ltr'>paene</span> <span class='ocrx_word' id='word_1_190' title='bbox 1001 2809 1194 2886; x_wconf 82' lang='lat' dir='ltr'>ineredibile,</span> 
     </span>
     <span class='ocr_line' id='line_1_25' title="bbox 125 2910 1193 2998; baseline 0 -18"><span class='ocrx_word' id='word_1_191' title='bbox 125 2917 205 2998; x_wconf 86' lang='lat' dir='ltr'>apud</span> <span class='ocrx_word' id='word_1_192' title='bbox 226 2913 463 2995; x_wconf 89' lang='lat' dir='ltr'>Xenophontem</span> <span class='ocrx_word' id='word_1_193' title='bbox 483 2912 517 2976; x_wconf 94' lang='lat' dir='ltr'>in</span> <span class='ocrx_word' id='word_1_194' title='bbox 539 2911 648 2995; x_wconf 84' lang='lat' dir='ltr'>Oyrop.</span> <span class='ocrx_word' id='word_1_195' title='bbox 665 2912 707 2989; x_wconf 87' lang='lat'>11,</span> <span class='ocrx_word' id='word_1_196' title='bbox 729 2910 759 2989; x_wconf 87' lang='grc'>4,</span> <span class='ocrx_word' id='word_1_197' title='bbox 784 2913 820 2972; x_wconf 78' lang='lat' dir='ltr'>rt</span> <span class='ocrx_word' id='word_1_198' title='bbox 845 2911 1019 2980; x_wconf 87' lang='lat' dir='ltr'>etiamnune</span> <span class='ocrx_word' id='word_1_199' title='bbox 1041 2915 1105 2980; x_wconf 86' lang='lat' dir='ltr'>edi:</span> <span class='ocrx_word' id='word_1_200' title='bbox 1134 2910 1193 2987; x_wconf 79' lang='grc' dir='ltr'>οὓς</span> 
     </span>
     <span class='ocr_line' id='line_1_26' title="bbox 127 3009 1195 3105; baseline -0.003 -17"><span class='ocrx_word' id='word_1_201' title='bbox 127 3017 166 3088; x_wconf 81' lang='grc' dir='ltr'>οδ</span> <span class='ocrx_word' id='word_1_202' title='bbox 188 3014 317 3105; x_wconf 73' lang='grc' dir='ltr'><strong><em>λαβών.</em></strong></span> <span class='ocrx_word' id='word_1_203' title='bbox 338 3011 449 3090; x_wconf 67' lang='lat' dir='ltr'>bridric</span> <span class='ocrx_word' id='word_1_204' title='bbox 481 3012 591 3090; x_wconf 76' lang='grc' dir='ltr'><strong><em>οἷνάοις</em></strong></span> <span class='ocrx_word' id='word_1_205' title='bbox 611 3036 666 3099; x_wconf 88' lang='lat' dir='ltr'>pro</span> <span class='ocrx_word' id='word_1_206' title='bbox 694 3009 806 3088; x_wconf 76' lang='grc' dir='ltr'><strong><em>εάθάς</em></strong></span> <span class='ocrx_word' id='word_1_207' title='bbox 832 3011 876 3082; x_wconf 84' lang='grc' dir='ltr'><strong><em>άν</em></strong></span> <span class='ocrx_word' id='word_1_208' title='bbox 908 3020 982 3097; x_wconf 82' lang='grc' dir='ltr'><strong><em>ἴοις,</em></strong></span> <span class='ocrx_word' id='word_1_209' title='bbox 1012 3039 1097 3084; x_wconf 68' lang='grc' dir='ltr'>οιιιαΔ</span> <span class='ocrx_word' id='word_1_210' title='bbox 1114 3040 1195 3103; x_wconf 81' lang='lat' dir='ltr'>prae-</span> 
     </span>
     <span class='ocr_line' id='line_1_27' title="bbox 125 3117 1195 3206; baseline -0.001 -14"><span class='ocrx_word' id='word_1_211' title='bbox 125 3127 232 3192; x_wconf 88' lang='lat' dir='ltr'>sertim</span> <span class='ocrx_word' id='word_1_212' title='bbox 247 3127 280 3190; x_wconf 91' lang='lat' dir='ltr'>et</span> <span class='ocrx_word' id='word_1_213' title='bbox 294 3117 424 3190; x_wconf 82' lang='grc' dir='ltr'><strong><em>α’νιὲναι</em></strong></span> <span class='ocrx_word' id='word_1_214' title='bbox 442 3124 562 3198; x_wconf 87' lang='lat' dir='ltr'>adrem</span> <span class='ocrx_word' id='word_1_215' title='bbox 576 3124 715 3206; x_wconf 90' lang='lat' dir='ltr'>ineptum</span> <span class='ocrx_word' id='word_1_216' title='bbox 727 3123 758 3186; x_wconf 91' lang='lat' dir='ltr'>et</span> <span class='ocrx_word' id='word_1_217' title='bbox 769 3122 834 3188; x_wconf 85' lang='lat' dir='ltr'>sine</span> <span class='ocrx_word' id='word_1_218' title='bbox 847 3119 890 3188; x_wconf 88' lang='grc' dir='ltr'><strong><em>άν</em></strong></span> <span class='ocrx_word' id='word_1_219' title='bbox 906 3126 1002 3190; x_wconf 82' lang='lat' dir='ltr'>oratio</span> <span class='ocrx_word' id='word_1_220' title='bbox 1018 3126 1131 3190; x_wconf 89' lang='lat' dir='ltr'>soloaoa</span> <span class='ocrx_word' id='word_1_221' title='bbox 1142 3127 1195 3206; x_wconf 75' lang='lat' dir='ltr'>sit„</span> 
     </span>
     <span class='ocr_line' id='line_1_28' title="bbox 125 3229 1194 3316; baseline -0.002 -18"><span class='ocrx_word' id='word_1_222' title='bbox 125 3251 301 3316; x_wconf 87' lang='lat' dir='ltr'>quanquam</span> <span class='ocrx_word' id='word_1_223' title='bbox 322 3249 385 3296; x_wconf 91' lang='lat' dir='ltr'>non</span> <span class='ocrx_word' id='word_1_224' title='bbox 407 3230 506 3308; x_wconf 80' lang='lat' dir='ltr'>deest,</span> <span class='ocrx_word' id='word_1_225' title='bbox 539 3229 591 3312; x_wconf 91' lang='lat' dir='ltr'>qui</span> <span class='ocrx_word' id='word_1_226' title='bbox 613 3229 805 3294; x_wconf 84' lang='lat' dir='ltr'>defensorem</span> <span class='ocrx_word' id='word_1_227' title='bbox 828 3229 903 3294; x_wconf 90' lang='lat' dir='ltr'>eitet</span> <span class='ocrx_word' id='word_1_228' title='bbox 923 3248 979 3296; x_wconf 89' lang='lat' dir='ltr'>neo</span> <span class='ocrx_word' id='word_1_229' title='bbox 1000 3231 1053 3314; x_wconf 89' lang='lat' dir='ltr'>qni</span> <span class='ocrx_word' id='word_1_230' title='bbox 1072 3231 1194 3296; x_wconf 76' lang='lat' dir='ltr'>citetur.</span> 
     </span>
     <span class='ocr_line' id='line_1_29' title="bbox 126 3331 1194 3420; baseline -0.002 -18"><span class='ocrx_word' id='word_1_231' title='bbox 126 3338 249 3420; x_wconf 82' lang='lat' dir='ltr'>(Mitem</span> <span class='ocrx_word' id='word_1_232' title='bbox 281 3335 408 3402; x_wconf 90' lang='lat' dir='ltr'>iubendi</span> <span class='ocrx_word' id='word_1_233' title='bbox 438 3354 506 3402; x_wconf 87' lang='lat' dir='ltr'>esse</span> <span class='ocrx_word' id='word_1_234' title='bbox 537 3335 669 3400; x_wconf 88' lang='lat' dir='ltr'>formam</span> <span class='ocrx_word' id='word_1_235' title='bbox 698 3336 763 3408; x_wconf 80' lang='grc' dir='ltr'><strong><em>ἴοις</em></strong></span> <span class='ocrx_word' id='word_1_236' title='bbox 794 3331 848 3413; x_wconf 90' lang='grc' dir='ltr'>άν,</span> <span class='ocrx_word' id='word_1_237' title='bbox 874 3336 982 3400; x_wconf 87' lang='lat' dir='ltr'>notum</span> <span class='ocrx_word' id='word_1_238' title='bbox 1011 3337 1067 3402; x_wconf 89' lang='lat' dir='ltr'>est.</span> <span class='ocrx_word' id='word_1_239' title='bbox 1132 3335 1194 3401; x_wconf 87' lang='lat' dir='ltr'>Sed</span> 
     </span>
     <span class='ocr_line' id='line_1_30' title="bbox 125 3440 1193 3527; baseline -0.004 -20"><span class='ocrx_word' id='word_1_240' title='bbox 125 3443 302 3527; x_wconf 86' lang='lat' dir='ltr'>gravissimi</span> <span class='ocrx_word' id='word_1_241' title='bbox 322 3441 460 3506; x_wconf 84' lang='lat' dir='ltr'>vulneris</span> <span class='ocrx_word' id='word_1_242' title='bbox 482 3441 616 3524; x_wconf 86' lang='lat' dir='ltr'>speeiem</span> <span class='ocrx_word' id='word_1_243' title='bbox 636 3441 731 3506; x_wconf 86' lang='lat' dir='ltr'>babet</span> <span class='ocrx_word' id='word_1_244' title='bbox 751 3440 910 3506; x_wconf 88' lang='lat' dir='ltr'>Strabonis</span> <span class='ocrx_word' id='word_1_245' title='bbox 932 3441 1018 3506; x_wconf 86' lang='lat' dir='ltr'>loeus</span> <span class='ocrx_word' id='word_1_246' title='bbox 1031 3441 1063 3505; x_wconf 92' lang='lat' dir='ltr'>II</span> <span class='ocrx_word' id='word_1_247' title='bbox 1077 3461 1108 3524; x_wconf 89' lang='lat' dir='ltr'>p.</span> <span class='ocrx_word' id='word_1_248' title='bbox 1124 3442 1193 3519; x_wconf 88' lang='lat'>110,</span> 
     </span>
     <span class='ocr_line' id='line_1_31' title="bbox 125 3545 1196 3629; baseline -0.001 -17"><span class='ocrx_word' id='word_1_249' title='bbox 125 3549 177 3614; x_wconf 90' lang='lat' dir='ltr'>ubi</span> <span class='ocrx_word' id='word_1_250' title='bbox 215 3548 253 3612; x_wconf 86' lang='lat' dir='ltr'>de</span> <span class='ocrx_word' id='word_1_251' title='bbox 286 3547 411 3612; x_wconf 89' lang='lat' dir='ltr'>homine</span> <span class='ocrx_word' id='word_1_252' title='bbox 441 3546 670 3612; x_wconf 80' lang='lat' dir='ltr'>mathematicae</span> <span class='ocrx_word' id='word_1_253' title='bbox 703 3547 735 3610; x_wconf 89' lang='lat' dir='ltr'>et</span> <span class='ocrx_word' id='word_1_254' title='bbox 766 3545 979 3629; x_wconf 75' lang='lat' dir='ltr'>geographica</span> <span class='ocrx_word' id='word_1_255' title='bbox 1011 3546 1196 3612; x_wconf 85' lang='lat' dir='ltr'>subtilitatis</span> 
     </span>
     <span class='ocr_line' id='line_1_32' title="bbox 127 3647 1193 3738; baseline 0.001 -21"><span class='ocrx_word' id='word_1_256' title='bbox 127 3653 242 3737; x_wconf 79' lang='lat' dir='ltr'>experti</span> <span class='ocrx_word' id='word_1_257' title='bbox 263 3653 331 3717; x_wconf 83' lang='lat' dir='ltr'>haeo</span> <span class='ocrx_word' id='word_1_258' title='bbox 353 3653 510 3718; x_wconf 87' lang='lat' dir='ltr'>dicuntur:</span> <span class='ocrx_word' id='word_1_259' title='bbox 547 3647 775 3717; x_wconf 81' lang='grc' dir='ltr'><strong><em>α’νατέλλοντα</em></strong></span> <span class='ocrx_word' id='word_1_260' title='bbox 807 3655 871 3733; x_wconf 79' lang='grc' dir='ltr'><strong><em>μὲν</em></strong></span> <span class='ocrx_word' id='word_1_261' title='bbox 906 3647 971 3738; x_wconf 73' lang='grc' dir='ltr'>γάρ</span> <span class='ocrx_word' id='word_1_262' title='bbox 1000 3647 1061 3736; x_wconf 67' lang='lat' dir='ltr'>tipo?</span> <span class='ocrx_word' id='word_1_263' title='bbox 1095 3649 1193 3737; x_wconf 81' lang='grc' dir='ltr'><strong><em>ἥλιον</em></strong></span> 
     </span>
     <span class='ocr_line' id='line_1_33' title="bbox 127 3751 1193 3846; baseline 0 -23"><span class='ocrx_word' id='word_1_264' title='bbox 127 3760 180 3825; x_wconf 77' lang='grc' dir='ltr'>καὶ</span> <span class='ocrx_word' id='word_1_265' title='bbox 205 3751 357 3824; x_wconf 76' lang='grc' dir='ltr'><strong><em>δύνοντα</em></strong></span> <span class='ocrx_word' id='word_1_266' title='bbox 380 3761 433 3824; x_wconf 73' lang='grc' dir='ltr'>καὶ</span> <span class='ocrx_word' id='word_1_267' title='bbox 455 3755 755 3842; x_wconf 77' lang='grc' dir='ltr'><strong><em>μεσουρανοῦντα,</em></strong></span> <span class='ocrx_word' id='word_1_268' title='bbox 787 3759 860 3822; x_wconf 78' lang='grc' dir='ltr'><strong><em>τίνα</em></strong></span> <span class='ocrx_word' id='word_1_269' title='bbox 891 3757 925 3822; x_wconf 74' lang='grc' dir='ltr'>δὲ·</span> <span class='ocrx_word' id='word_1_270' title='bbox 954 3755 1100 3846; x_wconf 83' lang='grc' dir='ltr'><strong><em>τρόπον,</em></strong></span> <span class='ocrx_word' id='word_1_271' title='bbox 1131 3753 1193 3835; x_wconf 74' lang='grc' dir='ltr'><strong><em>οὐκ</em></strong></span> 
     </span>
     <span class='ocr_line' id='line_1_34' title="bbox 126 3857 1195 3952; baseline -0.003 -21"><span class='ocrx_word' id='word_1_272' title='bbox 126 3871 309 3932; x_wconf 81' lang='grc' dir='ltr'><strong><em>ἐπισκοπεῖ</em></strong></span> <span class='ocrx_word' id='word_1_273' title='bbox 316 3911 328 3940; x_wconf 84' lang='grc'>,</span> <span class='ocrx_word' id='word_1_274' title='bbox 362 3857 452 3949; x_wconf 75' lang='grc' dir='ltr'><strong><em>(οὐδὲ</em></strong></span> <span class='ocrx_word' id='word_1_275' title='bbox 482 3861 548 3952; x_wconf 68' lang='grc' dir='ltr'>γάρ</span> <span class='ocrx_word' id='word_1_276' title='bbox 579 3857 746 3950; x_wconf 76' lang='grc' dir='ltr'><strong><em>χρήσιμον</em></strong></span> <span class='ocrx_word' id='word_1_277' title='bbox 768 3857 859 3950; x_wconf 71' lang='grc' dir='ltr'><strong><em>αὐτῷ</em></strong></span> <span class='ocrx_word' id='word_1_278' title='bbox 882 3858 969 3948; x_wconf 80' lang='grc' dir='ltr'><strong><em>πρός</em></strong></span> <span class='ocrx_word' id='word_1_279' title='bbox 992 3859 1030 3930; x_wconf 82' lang='grc' dir='ltr'>τά</span> <span class='ocrx_word' id='word_1_280' title='bbox 1058 3866 1195 3948; x_wconf 75' lang='grc' dir='ltr'><strong><em>προκοί-</em></strong></span> 
     </span>
     <span class='ocr_line' id='line_1_35' title="bbox 123 3963 1192 4058; baseline -0.006 -18"><span class='ocrx_word' id='word_1_281' title='bbox 123 3997 247 4058; x_wconf 80' lang='grc' dir='ltr'><strong><em>μενον,</em></strong></span> <span class='ocrx_word' id='word_1_282' title='bbox 271 3968 384 4054; x_wconf 79' lang='grc' dir='ltr'><strong><em>ὥσπερ</em></strong></span> <span class='ocrx_word' id='word_1_283' title='bbox 407 3963 485 4037; x_wconf 78' lang='grc' dir='ltr'><strong><em>οὐδὲ</em></strong></span> <span class='ocrx_word' id='word_1_284' title='bbox 506 3965 545 4038; x_wconf 82' lang='grc' dir='ltr'>τά</span> <span class='ocrx_word' id='word_1_285' title='bbox 563 3963 783 4058; x_wconf 78' lang='grc' dir='ltr'><strong><em>παράλληλον</em></strong></span> <span class='ocrx_word' id='word_1_286' title='bbox 794 3963 931 4038; x_wconf 80' lang='grc' dir='ltr'><strong><em>ἑστάναι</em></strong></span> <span class='ocrx_word' id='word_1_287' title='bbox 946 3972 991 4057; x_wconf 73' lang='grc' dir='ltr'>τῷ</span> <span class='ocrx_word' id='word_1_288' title='bbox 1004 3972 1192 4055; x_wconf 78' lang='grc' dir='ltr'><strong><em>παρεστῶτι</em></strong></span> 
     </span>
     <span class='ocr_line' id='line_1_36' title="bbox 123 4069 1196 4163; baseline -0.002 -21"><span class='ocrx_word' id='word_1_289' title='bbox 123 4073 147 4163; x_wconf 79' lang='grc' dir='ltr'><em>ἢ</em></span> <span class='ocrx_word' id='word_1_290' title='bbox 168 4071 247 4163; x_wconf 81' lang='grc' dir='ltr'>μή)</span> <span class='ocrx_word' id='word_1_291' title='bbox 270 4070 355 4162; x_wconf 85' lang='grc' dir='ltr'><strong><em>τάχα</em></strong></span> <span class='ocrx_word' id='word_1_292' title='bbox 384 4069 413 4142; x_wconf 79' lang='grc' dir='ltr'>δ’</span> <span class='ocrx_word' id='word_1_293' title='bbox 435 4084 615 4144; x_wconf 81' lang='grc' dir='ltr'><strong><em>ἐπισκοποῖ</em></strong></span> <span class='ocrx_word' id='word_1_294' title='bbox 643 4083 709 4160; x_wconf 70' lang='grc' dir='ltr'><strong><em>μὲν</em></strong></span> <span class='ocrx_word' id='word_1_295' title='bbox 739 4073 782 4144; x_wconf 89' lang='grc' dir='ltr'><strong><em>άν</em></strong></span> <span class='ocrx_word' id='word_1_296' title='bbox 804 4103 855 4152; x_wconf 82' lang='grc' dir='ltr'><strong><em>τι,</em></strong></span> <span class='ocrx_word' id='word_1_297' title='bbox 886 4071 972 4154; x_wconf 77' lang='grc' dir='ltr'><strong><em>δόξαι</em></strong></span> <span class='ocrx_word' id='word_1_298' title='bbox 1000 4070 1030 4142; x_wconf 84' lang='grc' dir='ltr'>δ’</span> <span class='ocrx_word' id='word_1_299' title='bbox 1058 4083 1095 4142; x_wconf 81' lang='grc' dir='ltr'><strong><em>ἐν</em></strong></span> <span class='ocrx_word' id='word_1_300' title='bbox 1123 4089 1196 4148; x_wconf 81' lang='grc' dir='ltr'><strong><em>τοῖς</em></strong></span> 
     </span>
    </p>
   </div>
   <div class='ocr_carea' id='block_1_3' title="bbox 0 0 1484 4660">
    <p class='ocr_par' dir='ltr' id='par_1_3' title="bbox 0 0 1484 4660">
     <span class='ocr_line' id='line_1_37' title="bbox 0 0 1484 4660; baseline 0 0"><span class='ocrx_word' id='word_1_301' title='bbox 0 0 1484 4660; x_wconf 95' lang='lat' dir='ltr'> </span> 
     </span>
    </p>
   </div>
  </div>
 </body>
</html>
