2954 4664
292 301 352 362 118
413 249 414 258 ἵ
728 301 788 356 Lib.
807 306 827 354 1.
900 297 919 358 '.

251 499 326 579 aut,
356 498 389 564 si
413 499 473 566 hoe
499 501 592 571 modo
621 501 725 587 magis
752 520 866 568 sensus
886 503 996 590 potest
1015 487 1166 590 exprimi:
1207 501 1315 568 Male

251 601 412 678 vivunt,¹
439 607 500 688 qui
533 627 681 690 semper
712 608 841 673 vivere
873 609 1090 691 incipiunt,
1123 612 1155 673 et
1186 610 1239 683 97,
1272 609 1311 672 13

253 707 347 788 (aut,
383 710 418 774 si
447 705 516 777 hoc
544 713 655 778 modo
685 713 824 778 melius
851 695 951 778 hunc
986 715 1174 806 explicari
1200 731 1314 795 posse

252 812 409 892 iudicas
441 825 622 894 sensum).
685 817 743 882 His
771 817 893 883 indiciis
923 821 955 883 et
981 819 1073 886 certis
1099 819 1313 884 condicionum

253 919 394 984 terminis
415 921 482 986 haec
504 925 589 988 omni
616 943 652 988 cx
677 925 765 1006 perte
793 924 956 1007 respondet
977 926 1143 1008 scriptume:
1170 923 1248 1002 vel,
1277 923 1316 987 si

255 1025 497 1093 commodius
525 1029 572 1094 sic
592 1029 763 1094 transire
785 1029 828 1094 ad
853 1048 919 1094 nos
943 1029 1005 1094 hic
1026 1031 1135 1116 potest
1155 1047 1313 1094 sensns:

254 1128 421 1227 Egregie
448 1135 506 1234 eet.
555 1135 630 1199 Tres
657 1127 769 1200 litterae
799 1133 955 1199 mutandae
981 1115 1144 1214 iuuerunt¹p
1200 1133 1260 1198 sed
1281 1133 1316 1197 in

255 1234 313 1298 lioc
347 1236 416 1300 loco
444 1232 653 1322 exemplorum
681 1240 777 1304 series
807 1239 942 1316 desinat,
980 1239 1072 1304 modo
1102 1239 1320 1316 adiecerimus,

256 1341 371 1424 optime
394 1344 426 1406 in
449 1363 483 1409 eo
496 1343 638 1430 intellegi
656 1363 754 1427 posse,
777 1343 851 1427 quid
865 1343 905 1408 ad
919 1344 1164 1409 emendationem
1178 1347 1209 1409 et
1229 1345 1317 1409 inve-

256 1447 401 1512 niendam
441 1452 473 1514 et
512 1449 753 1536 confirmandam
795 1448 955 1514 conferent
993 1449 1111 1515 similes
1153 1450 1319 1514 eorundem

257 1553 423 1618 aliorumve
445 1555 627 1640 scriptorum
646 1547 936 1638 lo‘eiexpropinquo
957 1555 1113 1620 memorie
1123 1558 1321 1620 occurrentes

257 1659 290 1722 et
311 1659 449 1722 animum
468 1659 500 1722 in
521 1662 639 1724 rectam
660 1659 743 1724 uiam
764 1659 954 1725 inducentes.

357 1764 483 1838 Vemm
508 1765 545 1829 ut
566 1765 644 1844 dixi,
671 1783 752 1848 seepe
774 1784 823 1829 res
846 1767 900 1830 eut
917 1784 973 1830 vor
994 1765 1115 1833 indiciis
1136 1763 1322 1846 monstrata,

258 1869 381 1934 etiamsi
401 1887 460 1933 non
474 1870 583 1954 'ignota
605 1869 752 1953 quaerenti
779 1871 840 1944 est,
863 1872 968 1936 tamen
994 1891 1054 1936 non
1076 1873 1160 1936 recto
1182 1873 1324 1954 tempore

258 1977 370 2056 praesto
383 1977 454 2050 =esi3
476 1974 581 2058 itaque
602 1977 698 2041 etiam
720 1975 823 2066 eliqua
842 1976 874 2040 in
892 1995 926 2041 eo
945 1978 1069 2042 fortuna
1088 1978 1146 2054 est,
1167 1978 1204 2042 ut
1223 1976 1321 2040 iuter-

260 2077 345 2158 dum,
367 2079 448 2163 quod
460 2099 592 2162 quaeras,
611 2101 720 2148 recens
734 2083 836 2165 aliqua
848 2081 942 2146 ledtio
956 2083 988 2146 et
1000 2081 1150 2149 memoria
1165 2082 1320 2166 suggeret,

259 2183 531 2268 intentamente
552 2185 666 2252 frustra
689 2187 861 2271 quesieris,
889 2185 1072 2270 paulopost
1100 2205 1188 2252 cesus
1209 2187 1325 2270 aliquis
1367 2174 1369 2187 '

261 2289 394 2355 obiiciat.
437 2291 532 2356 Velut
553 2311 623 2356 cum
648 2295 729 2376 apud
749 2293 951 2358 Plutarchum
973 2293 1005 2356 in
1028 2293 1141 2368 libello,
1170 2311 1228 2376 quo
1251 2311 1322 2356 cum

261 2395 448 2478 principibus
469 2397 543 2462 viris
563 2399 741 2482 philosopho
762 2419 829 2464 esse
844 2397 1056 2491 disserendum
1070 2397 1208 2482 disputat
1230 2399 1323 2478 (περὶ

263 2503 336 2578 τοι),
358 2497 408 2566 ὅοι
431 2497 584 2585 μάλιστα
606 2517 679 2577 τοῖς
699 2497 844 2591 ἤγομόοι
869 2529 897 2567 ιι.
913 2527 942 2566 e.
956 2505 998 2581 λ.)
1021 2503 1086 2568 haeo
1106 2503 1280 2587 legeremc.
1294 2503 1324 2577 2,

264 2610 283 2671 5
306 2615 347 2690 (p.
371 2609 429 2670 777
445 2607 504 2686 D):
528 2602 583 2674 Ου’
604 2605 670 2696 γαρ
692 2605 714 2695 ἦ
735 2609 800 2694 μὲν
816 2603 1011 2692 Ἀφροδίτη
1037 2623 1112 2681 ταῖς
1134 2609 1196 2674 τοῦ
1219 2633 1329 2692 repoe-

264 2708 372 2780 πόλου
395 2707 610 2801 ιι’ννγατροιόιν
631 2710 791 2800 ἐμήνιεν,
820 2712 872 2781 ὅτι
895 2715 1025 2796 πρῶται
1046 2714 1149 2796 μίσεα
1170 2707 1330 2800 μηχανή·

265 2847 368 2888 οανοο
393 2823 568 2906 καταχέειν
590 2823 789 2896 νεανίσκων,
818 2813 1049 2905 ἠδ”Ούρανία
1073 2819 1128 2884 καὶ
1142 2811 1328 2902 Καλλιόπη

265 2989 461 2999 ——.——

292 3083 315 3148 ¹)
334 3085 507 3161 Hocquoque
520 3091 647 3144 exannel.
657 3089 753 3160 philol.
763 3087 899 3142 Denieisl
916 3103 944 3156 p.
953 3088 987 3142 43
1000 3088 1027 3138 et
1044 3087 1104 3142 174.
1139 3083 1330 3172 Animadverti

302 3245 306 3258 ι
336 3171 416 3233 velim
443 3181 600 3250 speciminis
623 3185 651 3235 et
678 3181 870 3236 admonitionis
901 3195 979 3232 eausa
996 3177 1114 3232 Fickerti
1140 3176 1172 3230 de
1195 3176 1244 3230 hoc
1270 3176 1334 3230 loco

283 3271 285 3276 '
337 3269 473 3326 indicium.
505 3273 726 3328 Patientissimns
738 3274 808 3327 enim
826 3273 946 3327 omnium
955 3269 1163 3325 soloecismorum
1182 3270 1210 3321 ct
1223 3268 1329 3321 inanis-

337 3363 464 3417 simarum
484 3381 618 3435 nugarum
636 3365 716 3420 homo
734 3366 779 3419 hic
792 3365 890 3430 subito,
908 3363 1048 3431 postquam
1060 3355 1228 3422 constantem
1241 3357 1330 3413 omni·

339 3472 384 3510 um
408 3433 537 3512 bonorum
557 3461 585 3512 ct
606 3458 792 3513 tolerabilium
810 3447 931 3511 codicum
957 3453 1115 3521 scripturam
1133 3452 1220 3521 magis
1236 3451 1329 3519 inqui-

339 3550 414 3604 navit
431 3549 577 3605 ioedissimo
602 3539 846 3605 receitissimorum
864 3548 968 3632 aliquot
993 3545 1114 3600 codicum
1132 3539 1332 3612 interpretandi

340 3646 444 3706 conatu,
462 3643 511 3712 qui
529 3646 590 3712 poet
608 3643 648 3702 ed
666 3659 725 3698 noa
742 3642 846 3696 addunt
863 3641 917 3696 vel
934 3656 995 3694 nos
1012 3637 1051 3694 ad
1069 3653 1147 3704 eam.
1165 3635 1255 3690 omnia
1273 3634 1331 3688 heo

340 3736 394 3790 vel
413 3715 684 3814 'si'commodins
704 3765 734 3774 -
755 3735 798 3788 ad
816 3751 887 3790 eam
904 3731 967 3798 tolli
983 3731 1044 3786 vult
1059 3735 1200 3798 anquam„
1220 3727 1259 3794 „si
1276 3743 1333 3783 nou

341 3827 374 3880 eb
392 3827 515 3896 Epicuro,
534 3831 625 3882 tamen
641 3843 660 3880 -a
679 3825 778 3880 Seneca
795 3827 909 3882 alicna“.
927 3825 971 3892 (ln
983 3823 1094 3894 Epicuri
1115 3821 1250 3874 sententia
1266 3818 1334 3872 lerri

307 3985 309 3990 Ι
341 3923 430 3973 tamen
448 3919 595 3988 oportebat,
617 3935 674 3988 quae
693 3917 726 3972 ab
745 3919 861 3990 Epicuro
878 3936 933 3973 non
950 3917 1039 3970 aliena
1056 3914 1163 3978 essent.)
1192 3911 1251 3978 Sed,
1262 3911 1332 3964 talia

343 4015 406 4064 sunt
424 3999 545 4076 infinita,
565 4028 623 4082 quse
642 4009 752 4063 difficile
771 4010 813 4062 cst
831 4003 977 4063 condonare
996 4003 1146 4076 diligentie
1164 4003 1193 4056 in
1210 3999 1334 4076 codicum

341 4103 482 4173 scriptmis
500 4103 660 4174 colligendis
678 4105 707 4156 et
724 4099 844 4156 edendis.
