2954 4664
582 49 589 86 ί

588 327 649 386 Lib.
667 329 705 385 11.
1083 332 1142 396 187

161 525 247 615 ὄφρα
272 523 344 595 κατ’
366 523 500 596 οίκονὸ
526 529 641 606 Φοίνιξ
661 521 680 595 ὁ
708 531 894 616 Τυρσανῶν
916 525 945 597 τ’
966 525 1138 608 α’λαλασός

163 661 230 723 epp.

125 743 214 810 Domi
241 743 278 808 ut
307 741 430 808 maneat
456 756 549 822 seque
576 737 680 801 teueet
707 739 872 823 Poenorum
905 741 1019 808 elamor
1046 743 1184 819 bellinus,

124 852 203 916 reete
226 848 383 932 precatum
410 847 447 911 ut
467 845 577 910 domus
600 861 637 908 ea
657 849 821 912 mansuete
840 848 986 932 mitisque
1003 847 1060 929 sit,
1082 849 1185 915 minus

125 957 203 1039 apte,
224 954 382 1038 multoque
404 949 506 1034 aptius
521 949 693 1016 elementiae
716 952 900 1038 significatio
919 953 958 1018 ad
974 953 1055 1020 Iovis
1076 955 1186 1035 nutum

123 1059 324 1128 transfertur:

298 1161 485 1248 Λίσσομαι,
509 1162 643 1236 νεῦσον,
667 1163 838 1246 Κρονίων,
862 1157 1007 1249 σ’ίμερον,

205 1269 293 1356 ὄφρα
317 1261 389 1335 κατ’
411 1267 507 1334 οἶκον
529 1293 559 1333 κ.
581 1293 611 1333 τ.
637 1269 667 1335 λ.

23 1439 24 1452 ,
126 1379 249 1445 Usitute
271 1376 353 1442 enim
376 1375 527 1441 eiusmodi
548 1375 650 1452 uerbo,
672 1373 763 1458 quale
784 1373 832 1440 est
850 1367 974 1454 ναίειν,
998 1375 1185 1442 adieetirum

23 1487 24 1492 ’
127 1483 276 1569 singulari
301 1499 429 1547 numero
456 1480 595 1560 additur,
628 1482 664 1544 ut
693 1479 805 1562 νεῦμα
833 1476 964 1566 ἅμερον
989 1481 1187 1565 intellegatur

23 1645 25 1660 .
128 1593 217 1675 (synt.
241 1589 293 1656 Gr.
316 1588 333 1672 ξ
356 1586 395 1650 88
417 1587 465 1667 b).

23 1693 25 1714 '
225 1694 316 1780 Pyth.
337 1693 391 1771 lv,
416 1693 492 1756 118:
556 1693 706 1764 Αἴσονος
733 1685 798 1778 νοίρ
827 1704 921 1768 παῖς,
949 1689 1123 1779 ἐπιχώριος
1145 1687 1187 1759 οῦ
1277 1749 1280 1756 .

605 1796 719 1872 ξείναν
742 1788 867 1881 ἱκόμαν
888 1812 993 1884 γαῖαν
1014 1795 1136 1864 ἄλλων.

24 1955 25 1964 ο
129 1905 176 1972 sie
191 1901 320 1971 codices.
362 1903 422 1968 Sed
443 1902 587 1986 quonism
608 1921 663 1986 pro
685 1895 813 1988 ἱκόμαν
831 1921 938 1970 uersus
960 1906 1088 1989 requirit
1108 1906 1188 1970 hene

128 2028 302 2074 mensnram
320 2043 356 2067 υ
375 2045 409 2056 -
428 2045 473 2086 ·-‚
496 2009 598 2075 editur
613 2009 753 2094 ἱκοίμαν
763 2028 799 2074 ex
810 2009 982 2076 Hermenui
1004 2011 1187 2090 commotum,

129 2116 158 2180 in
180 2134 241 2200 qua
262 2132 361 2197 neque
385 2115 540 2200 optativus
561 2115 626 2181 sine
652 2101 695 2182 dv
712 2115 796 2180 reete
817 2115 940 2199 ponitur
960 2135 1057 2201 neque
1079 2118 1189 2208 peteu-

129 2223 209 2288 tielis
230 2221 302 2299 illa,
334 2237 427 2304 quum
455 2219 578 2286 effluere
605 2221 729 2300 volunt,
763 2221 977 2287 affirmationis
1006 2223 1104 2289 forma
1124 2223 1188 2287 ullo

127 2329 215 2395 modo
248 2326 375 2392 ferenda
405 2329 461 2392 est.
513 2327 621 2411 Itaque
652 2328 706 2392 aut
742 2327 942 2410 ἱκνοῦμαι
971 2319 1026 2394 sui
1060 2321 1186 2395 ἱκάνω

128 2433 322 2500 scribendum
343 2431 505 2511 videtur¹).

224 2537 293 2603 Ibd.
315 2537 392 2601 281:
527 2539 655 2624 ἐπέγνω
676 2541 742 2624 μίν
764 2529 909 2620 Κυράνα

216 2645 271 2710 καί
295 2637 333 2708 τῦ
357 2638 602 2709 κλεεννότατον
625 2648 777 2730 μίγαρσν
799 2637 940 2710 Βάττου
962 2643 1098 2710 δικαιᾶν

216 2747 422 2836 Δαμοφίλου
444 2749 636 2835 πραπίδων.

24 2931 26 2954 ρ
127 2857 251 2923 museo
273 2857 355 2920 hune
376 2855 511 2940 genetivi
532 2873 622 2920 usum
645 2853 771 2937 ἐπέγνω
786 2853 968 2939 πραπίδων
984 2853 1187 2940 Δαμοφίλου

25 2979 27 3044 t
127 2963 282 3041 (ediuuote
318 2961 490 3044 presertim
524 2961 581 3025 hoe
614 2958 711 3026 altero
744 2960 898 3044 genetivo)
929 2962 1079 3026 eiusmodi
1112 2960 1187 3026 loeis

25 3051 27 3106 ἶ
127 3067 304 3146 defendunt,
330 3067 363 3131 in
385 3067 494 3150 quibus
515 3064 744 3150 participiorum
765 3067 924 3150 genetivus
946 3068 1104 3134 absolutus
1128 3067 1186 3145 est,

128 3175 189 3238 siue
212 3171 341 3238 Homeri
373 3173 476 3252 (iliad.
507 3173 567 3248 IV,
597 3171 673 3234 357:
707 3164 751 3244 οἷς
777 3173 846 3258 γνοῖ
875 3173 1084 3260 χοομέοοοο),
1120 3171 1187 3238 sive

25 3329 26 3346 ι
127 3278 264 3344 Platonis
287 3279 378 3361 (apol.
391 3279 471 3345 Soer.
489 3300 519 3364 p.
531 3279 571 3341 27
584 3278 626 3341 A:
650 3267 715 3360 ἆρα
727 3270 891 3364 γνοίσεοαι
906 3272 1087 3366 Σωκράτης
1102 3277 1187 3362 ἐμοῦ

25 3397 26 3410 ’
129 3385 467 3471 χαριεντιζομένοοε).
515 3381 717 3448 Soribeudum
738 3385 795 3464 est,
818 3409 839 3450 ν
859 3403 914 3469 pro
935 3411 957 3451 ο
978 3385 1086 3469 posito,
1110 3386 1188 3450 Δα-

128 3482 323 3576 μόφιλον.
375 3487 457 3554 Nam
480 3481 717 3574 ἐπιγινώσκειν
744 3487 822 3557 σινσί
846 3483 983 3558 δικαιᾶν
1005 3489 1187 3576 πραπίδων

130 3597 236 3662 eadem
257 3595 375 3690 ratione
396 3593 516 3670 dieitur,
547 3613 608 3678 qua
628 3591 792 3682 ἄγασθαι,
819 3597 1030 3682 μακαρίζειν,
1056 3597 1189 3681 ζηλοῦν,

158 3841 180 3911 ¹)
198 3841 335 3898 Christiue
353 3841 504 3912 nuperrime
523 3839 634 3897 edidit:
664 3841 716 3912 οὐχ
738 3814 789 3896 ἵκω
816 3839 898 3908 ξίναν
922 3841 978 3914 μὰν
1000 3847 1082 3913 γαῖαν
1101 3838 1190 3897 ἄλλων

199 3937 227 3988 et
244 3932 384 3989 eudseiore
405 3933 567 3989 correctione
584 3936 615 3988 et
635 3934 726 4004 positu
742 3933 881 4003 particula
900 3932 955 4003 μάν
972 3935 1017 3991 uix
1041 3933 1191 4006 probabili3

200 4041 248 4081 neo
265 4025 361 4082 diuelli
379 4027 436 4082 heo
449 4025 549 4082 debent
566 4021 714 4096 ἐπιχώριος
732 4023 766 4082 ori
787 4027 890 4092 ξείναν.
