2954 4664
620 265 680 321 nro.
699 267 737 323 11.
1104 271 1163 336 189

142 465 300 528 aentonrm
335 463 460 532 lieentia
492 465 525 528 et
553 465 731 544 temeritas,
768 467 829 532 diri
868 487 975 554 supra,
1008 469 1205 558 exemplaque

143 569 282 653 quaedam
316 567 349 634 in
384 569 462 634 meis
500 567 766 638 emendationibus
798 574 983 657 explicandis
1003 581 1055 642 'ex
1089 577 1203 646 iisdem

140 676 217 741 loeis
239 675 365 756 sumpta
384 674 584 757 interponam.
992 741 997 755 1

240 781 278 845 In
299 779 440 864 AEsebyli
460 779 626 865 tragoediis,
659 799 788 866 quarum
811 785 1071 854 emendandarum
1093 787 1204 853 tunda-

140 887 280 952 mentum
300 885 333 950 in
354 903 415 952 nno
438 886 541 952 eodiee
555 885 694 952 Mediaeo
715 887 848 970 positum
872 891 928 968 est,
951 911 1018 974 quae
1042 911 1096 958 nos
1119 894 1203 958 diffi-

140 992 273 1056 cultates
295 992 502 1070 annumerent,
523 992 602 1058 item
617 991 734 1060 dietum
758 996 806 1059 est
821 1013 913 1080 snpra
927 1003 968 1081 (p.
987 997 1073 1078 lae);
1095 997 1208 1081 itaque·

138 1097 249 1176 timide
280 1097 312 1161 et
346 1115 414 1162 raro
442 1099 686 1164 emendationem
715 1101 842 1166 tentavi.
893 1101 967 1182 Quae
998 1089 1103 1169 tamen
1133 1117 1202 1169 enm

140 1203 244 1286 aliqua
265 1221 320 1285 spe
343 1205 375 1267 et
398 1203 510 1268 fiducia
529 1203 632 1288 attigi,
654 1223 690 1270 ex
709 1205 750 1270 iis
771 1207 905 1288 primum
927 1206 966 1272 ad
993 1209 1096 1291 plures
1116 1209 1202 1276 loeos

139 1328 197 1374 nee
219 1309 314 1374 solius
335 1307 474 1392 AEsehyli
495 1308 638 1391 pertinet.
684 1311 765 1376 Nem
1062 1295 1065 1307 ¹

240 1414 404 1482 Prometb.
428 1415 500 1488 291,
521 1414 575 1480 ubi
597 1415 735 1482 Oeeanns
759 1417 943 1483 Promethea
963 1419 1102 1484 versibus
1124 1435 1198 1483 ana-

137 1521 243 1606 paestis
267 1519 447 1603 alloquitur:

320 1622 368 1692 Τό
391 1649 428 1691 ae
449 1621 514 1711 γάρ
535 1649 591 1710 με,
613 1626 712 1702 tona,
734 1633 894 1716 ooyyarts
917 1627 1024 1705 οὕτως

314 1724 533 1818 ἐσαναγκάζει
555 1731 655 1818 χωρίς
674 1757 711 1800 τε
732 1739 853 1820 γένους

257 1913 259 1923 Α
316 1830 377 1904 οὐκ
400 1841 494 1903 dovor·
513 1831 579 1924 ὅτῳ
600 1839 742 1924 μείζονα
763 1854 891 1926 μοῖραι

316 1935 471 2028 νείμαιμ’
492 1939 515 2029 ἢ
538 1945 592 2011 σοι’
598 1946 625 2030 ¹)
1033 2030 1034 2033 ¹

135 2049 267 2116 soloeeus
306 2052 354 2114 est
390 2069 458 2116 meo
493 2051 605 2118 iudicio
640 2051 793 2134 optativus
840 2051 884 2116 sia
916 2051 983 2116 sine
1019 2052 1199 2135 potentialis

134 2155 290 2220 orationis
305 2159 380 2221 note
402 2152 471 2236 (ἄν)
493 2149 648 2222 subiectus
669 2158 701 2220 in
724 2148 876 2224 sententia
896 2156 1026 2222 relativa
1043 2157 1197 2242 primariae

135 2261 297 2344 praesentis
318 2262 464 2344 temporis
487 2265 519 2328 et
539 2263 697 2328 indicativi
725 2263 809 2328 modi
830 2263 992 2330 sententia
1012 2281 1074 2329 non
1095 2264 1197 2329 minus
1221 2275 1226 2294 ⁸

134 2377 230 2449 quam
252 2367 285 2430 in
305 2366 552 2449 ipsasententia
580 2368 740 2452 primaria,
767 2370 853 2435 velut
879 2369 961 2434 illud·
983 2370 1015 2434 in
1036 2370 1133 2453 Iphig.
1165 2366 1199 2433 Τ.

137 2465 238 2548 1055,
275 2491 355 2538 nune
394 2474 433 2538 ab
468 2475 610 2540 omnibns
648 2477 833 2540 correctum:
869 2469 913 2540 noi
951 2467 980 2541 δ’
1016 2469 1089 2540 ἄλλ’
1122 2477 1200 2546 ἴσως

134 2573 278 2642 ἅπαντα
307 2571 364 2655 (ἄν
397 2579 523 2659 πάντα)
555 2582 714 2665 ’συμβαίη
736 2582 865 2667 nautae,
900 2597 1028 2664 quaequa
1060 2576 1195 2645 eiusdem

132 2683 256 2766 generis
286 2683 358 2748 olim
385 2685 570 2751 tenebantur
597 2706 613 2753 e
641 2687 797 2752 aodieibus
824 2685 916 2769 Soph.
945 2685 1014 2750 illd.
1044 2685 1109 2750 dol.
1136 2685 1197 2746 oet

133 2789 246 2872 (ξένον
257 2781 381 2856 oddara
395 2777 694 2877 ὑπιιιτραποίμηα)
704 2793 736 2855 et
748 2792 828 2854 1419
838 2791 924 2866 (πῶς
935 2787 1000 2879 γιῖρ
1012 2838 1020 2856 .
1031 2835 1057 2856 ..
1071 2786 1200 2876 ἄγοιμι)

131 2898 164 2960 et
187 2895 258 2960 aliis
285 2897 377 2975 loeis,
407 2915 465 2962 neo
496 2897 681 2964 defensionis
711 2884 840 2964 eitifiei'a
874 2898 990 2976 auroli)
1032 2895 1074 2960 lot
1094 2898 1200 2960 tamen

8 2981 10 3054 J
129 3003 177 3067 sie
199 3003 274 3085 post
294 2995 356 3068 οὐκ
379 3011 481 3082 ἔστιν,
505 2999 544 3078 ὅς
576 3005 630 3070 aut
651 2999 744 3078 ὅπως
765 3007 831 3084 (aut
852 3010 945 3070 ἔστιν
971 2999 1009 3078 ὅς
1030 3002 1080 3068 vel
1108 2997 1200 3078 ὅπως

129 3107 357 3192 interrogative
379 3107 508 3188 dietum)
530 3109 684 3194 optativus
705 3110 826 3196 positus¹
845 3097 957 3194 legitur
966 3107 1104 3193 pluribus
1115 3106 1198 3182 loeis,

146 3279 171 3346 ¹)
198 3279 241 3334 De
272 3293 397 3333 versuum
421 3273 599 3345 descriptione
626 3277 734 3330 tantum
760 3275 810 3330 hoo
836 3277 894 3330 loeo
913 3274 1014 3335 ditem,
1042 3289 1084 3327 me
1108 3287 1197 3326 mono-

201 3372 303 3426 metros
320 3369 392 3434 illos,
405 3384 479 3438 quos,
498 3370 530 3422 nt
539 3368 726 3438 paroemiarum
739 3370 886 3424 extremum
905 3368 1100 3436 consequantur
1112 3365 1198 3420 aliave

202 3463 236 3520 de
255 3477 342 3528 eausa,
361 3463 393 3517 nt
410 3461 478 3516 mihi
497 3459 606 3530 quidem
623 3459 736 3528 videtur,
756 3459 1089 3531 sapeeasuinterponunt
1108 3473 1198 3512 ornnes

200 3555 352 3626 improbare
371 3556 571 3624 anapaestoeque
588 3569 635 3623 per
654 3553 775 3622 dimetas,
794 3531 922 3624 duamdin
944 3550 1015 3606 nihil
1033 3549 1131 3613 obstet,
1150 3546 1196 3602 de·

186 3651 304 3702 'currere
312 3649 414 3718 putare.
443 3649 476 3702 In
489 3645 652 3705 carminibus
662 3646 807 3709 chororum,
827 3649 885 3714 quai
894 3641 951 3714 ipse
967 3659 1020 3697 non
1030 3639 1110 3712 paulo
1119 3640 1198 3696 aliter

198 3739 367 3809 longioribus
382 3756 450 3811 sape
460 3737 581 3808 versibus
587 3719 770 3801 describerent,
790 3733 1197 3807 sequarbooloooDindorfium.

150 3831 178 3902 ⁹)
200 3833 323 3897 Prorsus,
342 3847 494 3904 quanquam
513 3831 581 3886 satis
598 3831 690 3896 mirus.
709 3833 800 3886 tannen
820 3827 981 3900 separandus
1000 3829 1042 3881 est
1060 3826 1197 3896 optativus

200 3927 259 3980 sine
278 3921 312 3980 ἄν
337 3926 366 3980 in
385 3923 537 3989 sententiis,
558 3939 617 3994 qna
635 3939 695 3978 enm
713 3922 848 3978 infinitivo
870 3922 899 3976 in
927 3919 1061 3976 sententia
1078 3915 1197 3989 generali

197 4019 288 4090 posito
306 4017 506 4087 coniunguntur
525 4017 606 4086 (synt.
627 4015 672 4071 Gr.
692 4017 767 4082 §132
786 4013 873 4071 dnot
890 4013 940 4070 imi
958 4011 1112 4082 marginis);
1133 4023 1196 4065 nem

197 4111 280 4168 iniis
298 4109 377 4166 nulla
391 4101 435 4166 esi
451 4107 614 4182 significatio
632 4107 797 4178 potentialis.
850 4109 853 4116 '
979 4107 982 4114 '
