2944 4660
313 251 353 313 46
753 252 814 310 Lib.
833 254 855 306 1.

265 453 389 535 ponitur
410 451 600 532 exemptum:
637 469 719 530 neo1
738 451 835 533 qnod
856 469 928 518 non
951 453 1174 529 estvirtns,
1196 449 1335 531 utiquo

266 558 518 640 potestesse
545 555 730 632 institia,
762 555 796 620 id
822 555 930 640 et'per
950 577 984 622 se
1005 557 1223 642 pravissimam
1242 555 1337 619 habet

265 662 451 732 sententiam
485 663 517 726 et
543 661 711 726 orationem
740 672 794 735 (-
816 661 861 726 sio
883 663 965 728 onim
986 663 1112 740 dicitur,
1135 663 1242 746 ‘qnasi
1268 661 1336 744 quis

172 843 173 850 χ
265 789 303 832 er
324 787 377 844 eo,
400 767 482 851 quod
503 765 621 848 aliquid
641 785 703 831 non
725 766 767 831 sit
789 767 903 845 virtus,
925 768 1104 836 concludere
1124 769 1259 844 conetur,
1281 785 1337 830 no-

266 875 397 940 oessario
427 857 540 955 eequis
562 873 599 939 nt
630 871 729 954 possit
760 889 827 936 esse
859 871 979 938 institia
999 879 1068 951 -),
1100 892 1199 957 neque
1221 875 1289 938 -ant
1308 872 1338 936 ei

265 979 447 1056 sententia,
479 977 566 1042 ouius
596 995 688 1042 cansa
716 977 853 1058 ponitur,
875 981 958 1043 reete
987 977 1152 1060 respondet
1171 980 1223 1061 (-
1249 978 1339 1044 deest

265 1085 368 1162 enim,
402 1104 438 1150 er
465 1101 524 1166 quo
553 1081 703 1172 appareat
729 1099 827 1164 genus
845 1101 920 1148 ‚non
953 1082 1057 1150 valere
1087 1083 1338 1170 adprehendam

266 1191 419 1274 speciem,
445 1189 498 1271 -)
526 1190 581 1252 ant
607 1186 703 1268 priori
729 1187 883 1270 exemplo,
916 1188 998 1270 quod
1024 1189 1151 1270 plenum
1177 1192 1209 1256 et
1230 1191 1339 1272 aptum

265 1299 324 1362 est.
379 1294 441 1359 Sed
473 1294 536 1360 hic·
551 1311 671 1376 quoqne
706 1289 855 1358 indicium
887 1293 993 1360 mandi
1007 1295 1214 1360 'manifestum
1237 1295 1286 1360 est
1305 1295 1338 1358 in

267 1402 345 1486 ipsis
377 1399 513 1482 antiquis
535 1398 708 1474 codicibus;
741 1415 815 1462 nam
835 1397 868 1461 in
889 1399 1001 1478 Turia,
1023 1399 1177 1478 Ambros,
1198 1400 1338 1466 Floreat

269 1507 412 1572 scribitur
434 1504 535 1588 quod
557 1505 616 1568 ost
636 1503 763 1568 virtus
786 1504 840 1568 ant
861 1524 889 1586 q.
911 1523 941 1568 v.
963 1507 1030 1572 est
1051 1505 1135 1582 (sina
1149 1504 1337 1590 negatione),

269 1612 379 1676 deinde
411 1612 444 1690 in
471 1609 574 1674 Turia
602 1611 634 1674 et
661 1609 905 1692 dicentique
931 1627 997 1676 non
1022 1611 1158 1692 potest
1180 1628 1264 1674 esse
1285 1609 1343 1690 iu·⁸

267 1717 389 1806 stitia
428 1713 588 1799 (Ambros.
620 1717 652 1779 et
686 1714 767 1778 Flcr.
795 1714 1032 1799 iniustitia).
1080 1715 1341 1800 Itaigitursnp·

266 1822 397 1905 piandus
418 1822 503 1886 loeus
526 1825 591 1885 est:
632 1819 727 1898 Neo,
749 1819 848 1902 quod
868 1820 1001 1894 virtus
1023 1822 1100 1900 est,
1131 1821 1267 1904 ntique
1289 1821 1342 1886 cst

268 1925 411 2008 institia,
444 1924 517 2012 sed,
550 1924 636 2010 qnod
663 1924 770 1990 virtus
792 1943 858 2018 non
881 1925 947 2008 est,
981 1926 1092 2012 ntique
1114 1927 1342 2010 non'potest

268 2051 353 2098 asse
375 2031 546 2098 iustitia
590 2030 970 2100 Sicdemnmetoratioct
984 2031 1341 2098 sentcntiarcctaeter-

270 2139 407 2222 emplnm
426 2137 551 2202 consilio
564 2139 671 2220 aptum
693 2139 751 2205 cst.
792 2137 830 2200 In
851 2140 1012 2220 pooamm
1033 2136 1341 2220 operibusinmediis

270 2227 409 2311 versione
425 2243 499 2308 'hoc
525 2261 623 2326 genus
651 2241 761 2307 erroris
793 2245 916 2324 propter
939 2243 1042 2324 ipsum
1063 2257 1187 2308 versum
1208 2261 1270 2307 non
1291 2243 1341 2307 fa-

269 2352 328 2416 cilo
355 2349 468 2414 accidit
496 2347 570 2429 (etsi
590 2347 658 2412 fieri
678 2350 794 2431 potest
826 2349 878 2425 nt,
899 2349 987 2414 ocnlo
1002 2349 1119 2414 librarii
1147 2365 1167 2411 a
1194 2345 1343 2412 vocabulo

270 2454 472 2541 praecedentis
500 2446 612 2518 'versus
644 2451 684 2516 ad
710 2452 813 2517 simile
840 2454 997 2538 sequentis
1024 2454 1199 2528 aberrante,
1236 2454 1343 2518 temen

271 2579 378 2626 versus
404 2560 505 2626 forma
531 2558 699 2639 serretur);
723 2558 815 2622 illud
844 2559 981 2624 cocidere
997 2560 1163 2642 potestn
1197 2558 1343 2623 librarius

269 2667 311 2731 ab
337 2664 553 2730 initioversns
584 2651 715 2728 adonias
744 2663 784 2728 ad
812 2664 913 2728 simile
940 2683 1046 2730 versus
1077 2665 1214 2736 adonius.
1234 2665 1344 2730 subse·

272 2771 394 2854 quentis
414 2770 538 2835 initium
558 2766 703 2834 aberrans
722 2768 856 2850 priorem
879 2769 1150 2853 rudperte-iorem
1171 2773 1203 2836 et
1224 2769 1343 2835 medios

271 2875 424 2950 omittatc
433 2875 627 2957 maximeque
641 2873 674 2938 in
692 2869 831 2939 distichis
843 2875 888 2939 sio
898 2876 993 2940 errari
1006 2878 1120 2966 potest,
1142 2876 1169 2940 si
1182 2879 1237 2941 aut
1250 2876 1344 2942 hexa-

273 2981 365 3046 metri
380 2980 440 3046 duo
451 2980 583 3062 proximi
595 2981 651 3044 ant
664 2979 848 3061 pentametri
860 2980 1004 3046 similiter
1012 2978 1173 3064 incipiunt.
1215 2982 1290 3046 Itius
1299 2982 1345 3046 rei

274 3083 449 3166 exemplum
466 3087 515 3150 cst
529 3085 561 3151 in
577 3083 679 3148 ovidii
693 3068 792 3166 Epist
808 3084 963 3175 VIH,·ubi
977 3085 1009 3154 in
1025 3106 1053 3153 v.
1067 3088 1108 3148 21
1130 3089 1162 3152 et
1183 3087 1223 3152 22
1236 3099 1344 3170 ‘neque

173 3228 175 3236 ι
272 3190 371 3256 oratic
385 3189 805 3272 mnatat(nequeenimpost
825 3192 859 3256 si
873 3191 1099 3258 omittiesset
1119 3193 1174 3258 ant
1193 3192 1346 3258 inisset

275 3296 387 3376 potest)
410 3311 511 3381 neque
531 3294 685 3360 sonantia
705 3296 770 3361 nlla
803 3299 860 3362 ast.
904 3295 1033 3370 Ovidius
1055 3298 1236 3380 scripserat:
1284 3295 1346 3361 Sit

248 3446 252 3454 =
276 3417 388 3464 socer
404 3399 598 3494 extemplo,
622 3401 753 3483 nuptae
779 3394 979 3485 repetitor
999 3402 1184 3486 ademptae
1206 3408 1345 3485 (sequere

277 3504 451 3586 exemplum
472 3503 568 3569 soceri
589 3503 664 3582 tui);
698 3505 808 3571 deinde
831 3508 945 3573 excidit
973 3510 1168 3591 pentameter
1197 3512 1228 3573 ct
1252 3508 1347 3572 here-

277 3611 376 3676 meter
402 3609 441 3674 ab
466 3610 501 3675 ri
528 3609 679 3692 incipiens
700 3593 1147 3694 condicionemque'eontinens
1169 3613 1223 3692 (Si,
1244 3614 1281 3676 ut
1301 3614 1347 3691 tn,

279 3713 362 3780 lente
382 3716 504 3796 raptam
515 3715 678 3800 coniugem
689 3716 836 3796 tulisset),
858 3718 945 3782 onius
967 3717 1110 3800 apodoeis
1132 3719 1181 3783 est
1194 3719 1226 3783 in
1240 3737 1270 3783 v.
1288 3719 1347 3780 22:

280 3817 408 3904 Nupta
428 3819 533 3885 foret
555 3820 692 3886 Paridi
713 3823 853 3900 mater,
875 3823 916 3886 ut
938 3823 1026 3887 ante
1047 3823 1144 3888 fuito

365 3924 444 3994 Cum
471 3926 688 4007 praetermissis
716 3927 804 3992 oculo
832 3927 1026 3994 transiliente
1054 3929 1155 3994 verbis
1186 3929 1351 3994 coniuncta
1451 4003 1454 4022 ⁴

282 4031 331 4096 est
351 4031 547 4114 transpositio
570 4032 737 4115 quaedam.
756 4051 827 4098 oum
852 4033 969 4116 aliquid
989 4033 1123 4118 primum
1145 4053 1164 4098 a
1190 4032 1290 4098 scriba
1310 4032 1351 4097 ed
