2944 4660
289 277 328 339 16
728 281 788 336 Lib.
813 281 836 335 I.

120 479 122 486 '
244 477 291 540 Ea
311 479 416 541 autem
437 495 559 560 genera,
596 495 664 558 quae
694 477 762 557 ipso
795 474 949 540 scribendi
972 495 1073 542 errore
1106 477 1315 556 continentur,

244 582 345 662 posita
366 584 439 646 sunt
459 583 491 646 in
513 581 664 646 similium
684 582 927 662 permutatione,
949 582 983 646 in
1005 600 1101 664 prava
1122 585 1313 666 separatione

247 688 278 754 et
299 688 546 763 continuatione,
577 687 610 750 in
632 687 729 751 semel
750 689 805 750 aut
824 687 873 752 bis
891 688 1077 767 scribendis,
1099 708 1167 772 qum
1189 690 1236 755 bis
1260 701 1316 754 ant

246 794 342 858 semel
364 793 527 858 scribenda
547 793 648 870 erant,
680 793 712 856 in
734 792 935 858 transiliendo
956 797 988 859 et
1007 797 1248 880 transponendo,
1280 801 1312 864 in

246 899 504 963 accommodando
539 898 579 962 ad
607 898 758 981 proxima,
800 899 832 962 iu
866 901 1051 980 scribendis,
1085 925 1152 988 quac
1175 906 1215 970 ad
1244 909 1314 971 tex-
1419 921 1422 932 '

186 1071 188 1076 ,
245 1005 314 1068 tum
345 1005 533 1086 propositum
560 1022 621 1067 non
648 1007 814 1086 pertinent.
865 1005 925 1069 Sed
954 1026 989 1071 ex
1011 1009 1075 1088 his,
1118 1031 1184 1094 quae
1215 1015 1313 1095 posui,

245 1111 429 1192 generibus,
451 1113 644 1194 postremum
666 1111 767 1193 magis
789 1129 824 1174 ex
845 1112 983 1178 scientiae
1006 1114 1128 1182 defectu
1150 1121 1181 1182 et
1202 1119 1307 1184 indicii

246 1209 346 1282 e'rrore
375 1218 527 1294 nescitur,
564 1217 597 1280 in
629 1216 780 1299 prioribus
818 1217 975 1282 oculomm
997 1220 1077 1285 acies
1106 1225 1138 1286 et
1165 1224 1260 1288 animi
1281 1227 1312 1290 in

247 1321 344 1386 oculis
367 1323 534 1407 dirigendis
555 1322 686 1386 intentio
707 1321 807 1386 officio
829 1322 925 1386 deest.

338 1427 493 1492 Similium
513 1429 700 1510 permutatio
729 1428 840 1492 accidit
866 1429 1001 1510 primum
1029 1431 1061 1496 in
1088 1433 1164 1515 ipsis
1191 1435 1315 1510 littera·

246 1553 315 1598 rum
344 1536 452 1600 formis
470 1553 536 1598 non
557 1533 647 1598 valde
674 1533 877 1598 dissimilibus
904 1535 942 1599 ob
962 1535 1112 1642 ductuum
1141 1542 1314 1607 obscurita-

247 1644 312 1704 tem
347 1643 379 1704 et
406 1640 642 1723 ambiguitatem
675 1642 730 1702 aut
756 1640 820 1702 acie
856 1640 958 1705 minus
985 1642 1148 1727 intenta1).
1200 1647 1247 1710 Ac
1275 1648 1316 1712 de

247 1747 304 1810 heo
326 1747 500 1810 litterarum
523 1744 725 1809 ¹similitudine
747 1747 779 1812 et
806 1746 1048 1827 permutatione,
1077 1767 1145 1830 quie
1174 1754 1205 1815 et
1232 1755 1313 1834 apud

248 1851 369 1916 Graecos
392 1855 423 1916 et
447 1851 529 1935 apud
549 1851 673 1914 Latinos
705 1851 767 1914 alia
794 1851 854 1915 iirit
879 1851 949 1914 aliis
971 1854 1115 1918 aetetibus
1137 1858 1169 1919 et
1189 1858 1221 1920 in
1244 1859 1315 1924 eliis

248 1948 406 2038 scripturos
429 1957 609 2041 generibus,
644 1957 682 2020 ab
712 1956 750 2020 iis
781 1957 949 2039 exponitur,
982 1958 1034 2040 qui
1055 1959 1313 2045 palaecgraphicm

247 2066 398 2140 tractant,
428 2063 682 2144 ostenditurque,
712 2063 744 2126 in
773 2063 881 2144 quibus
905 2062 1079 2142 codicibus,
1106 2069 1142 2131 ut
1163 2067 1211 2132 his
1235 2071 1314 2148 utar,

247 2170 468 2251 permutationi
490 2169 617 2233 obnoxia
644 2168 709 2232 sint
736 2173 774 2234 A
798 2169 829 2230 et
857 2172 890 2233 Δ
914 2169 946 2232 et
967 2169 1015 2241 Λ,
1039 2173 1080 2235 M
1101 2174 1133 2236 et
1155 2175 1196 2247 Σ,
1222 2179 1262 2241 M
1282 2177 1317 2240 et

249 2276 323 2344 ΛΛ
344 2273 431 2360 (ἅμα
445 2277 477 2341 et
494 2267 604 2353 dett),
620 2275 652 2340 Θ
670 2275 702 2337 et
720 2275 764 2347 Ο,
782 2275 824 2336 Π
834 2274 865 2336 et
882 2275 941 2348 TI,
965 2275 1046 2357 apud
1058 2277 1186 2344 Latinos
1209 2284 1312 2346 eutem

249 2382 272 2448 O
303 2385 334 2446 et
363 2382 391 2448 (l
421 2385 475 2446 aut
502 2383 527 2445 Ε
551 2383 582 2444 et
609 2381 633 2444 F
657 2383 710 2444 ant
738 2379 832 2462 (quod
853 2379 869 2444 t
892 2379 924 2442 et
953 2378 965 2443 l
993 2381 1044 2444 vir
1073 2401 1166 2465 supra
1192 2405 1314 2452 versum

248 2487 474 2569 protenduntur
495 2489 534 2552 et
556 2487 636 2570 quod
658 2488 777 2562 ductus,
801 2485 910 2566 quibus
933 2483 953 2564 i,
976 2502 1007 2566 u,
1030 2503 1061 2550 m
1083 2491 1237 2569 constant,
1265 2494 1315 2558 vix

249 2591 483 2674 dignoscuntur)
507 2593 632 2676 syllabae
655 2593 704 2669 iu,
727 2591 775 2672 ui,
798 2591 847 2667 in,
869 2592 920 2667 ut,
951 2589 1061 2657 lusui
1087 2592 1145 2675 icc,
1175 2595 1235 2678 lec,
1262 2600 1317 2664 tec

249 2698 660 2779 (adiectus,adlectus,
674 2699 768 2761 etiam
787 2696 980 2772 adfectus,
996 2697 1314 2779 coniectos,con-

247 2806 416 2886 tectus),
434 2807 594 2887 ceteraque
608 2804 747 2868 eiusdem
761 2802 893 2886 generis,
906 2821 972 2884 quae
984 2803 1255 2872 animadvertendo
1266 2807 1315 2872 fa·

249 2909 307 2974 oile
324 2909 440 2984 disoes3
455 2913 603 2975 ettamen
617 2909 699 2972 lraud
714 2908 805 2990 pauci
823 2907 1052 2986 obliviscuntur,
1065 2929 1157 2991 quarn
1170 2913 1313 2996 exiguum

247 3014 279 3078 in
295 3015 409 3080 talibus
429 3016 542 3081 litteris
555 3019 586 3080 et
600 3015 726 3098 syllabis
739 3015 781 3078 sit
794 3014 1041 3078 testimoniorum
1058 3015 1188 3096 pondus.
1222 3017 1314 3083 Plato

247 3121 521 3203 R.P.V11p.sac
538 3121 571 3198 O,
595 3139 665 3185 eum
686 3121 835 3196 animum,
859 3119 954 3202 quiin
968 3120 1057 3184 rebus
1074 3123 1215 3186 sensibus
1239 3125 1314 3188 sub·

247 3224 334 3290 iestis
356 3227 496 3306 baereret,
519 3245 675 3308 nunquam
697 3245 769 3290 vere
791 3243 913 3289 sursum
936 3229 1084 3308 spectare,
1113 3228 1167 3292 sed
1190 3248 1314 3311 semper

248 3453 383 3460 ——-..--...
391 3455 443 3462 ...-

316 3605 413 3659 menda
436 3602 545 3657 infinita
569 3605 596 3654 et
613 3600 707 3669 gravia
731 3601 758 3652 et
776 3595 918 3651 manifesta
936 3598 1000 3650 sunt
1018 3599 1046 3650 et
1063 3614 1188 3669 magnam
1206 3603 1311 3668 partem

316 3715 368 3752 non
388 3695 573 3751 animadversa
592 3709 639 3746 nee
658 3695 779 3746 mactata.
816 3689 944 3744 Heasium
966 3687 995 3741 in
1011 3687 1111 3746 Seneca
1128 3693 1232 3746 utinam
1252 3694 1312 3746 sine

188 3821 191 3833 =
317 3791 471 3860 exceptione
489 3787 598 3840 laudere
616 3801 730 3856 possem.

269 3918 293 3984 ¹]
313 3918 342 3972 Si
369 3917 435 3986 quid
465 3916 494 3969 in
518 3915 639 3983 exemplo
664 3912 800 3981 proposito
819 3927 927 3979 prorsus
950 3914 1095 3965 evanuerat
1118 3913 1166 3962 aut
1189 3909 1308 3964 deletum

316 4013 385 4076 erat,
412 4008 499 4064 scriba
523 4011 572 4061 ant
598 4007 723 4060 omittere
747 4003 891 4073 cogebatur
912 4007 961 4058 ant
984 4003 1063 4072 plane
1081 4002 1234 4058 coniectura
1257 4003 1308 4066 uti,

318 4119 411 4173 pamm
430 4102 464 4156 ad
482 4117 540 4155 eam
558 4099 653 4154 lectur.
