<?xml version="1.0" encoding="UTF-8"?>
<!DOCTYPE html PUBLIC "-//W3C//DTD XHTML 1.0 Transitional//EN"
    "http://www.w3.org/TR/xhtml1/DTD/xhtml1-transitional.dtd">
<html xmlns="http://www.w3.org/1999/xhtml" xml:lang="en" lang="en">
 <head>
  <title>
</title>
<meta http-equiv="Content-Type" content="text/html;charset=utf-8" />
  <meta name='ocr-system' content='tesseract 3.04.00' />
  <meta name='ocr-capabilities' content='ocr_page ocr_carea ocr_par ocr_line ocrx_word'/>
</head>
<body>
  <div class='ocr_page' id='page_1' title='image "./adversariacriti02madvgoog_0142.png"; bbox 0 0 2954 4664; ppageno 0'>
   <div class='ocr_carea' id='block_1_1' title="bbox 629 222 1188 306">
    <p class='ocr_par' dir='ltr' id='par_1_1' title="bbox 629 222 1188 306">
     <span class='ocr_line' id='line_1_1' title="bbox 629 222 1188 306; baseline -0.004 -8"><span class='ocrx_word' id='word_1_1' title='bbox 629 222 633 233; x_wconf 78' lang='grc'><strong>“</strong></span> <span class='ocrx_word' id='word_1_2' title='bbox 651 243 711 298; x_wconf 81' lang='lat' dir='ltr'><strong>nro.</strong></span> <span class='ocrx_word' id='word_1_3' title='bbox 731 247 751 296; x_wconf 91' lang='lat' dir='ltr'><strong>r.</strong></span> <span class='ocrx_word' id='word_1_4' title='bbox 1129 244 1188 306; x_wconf 74' lang='lat'><strong>127</strong></span> 
     </span>
    </p>
   </div>
   <div class='ocr_carea' id='block_1_2' title="bbox 140 441 1232 1790">
    <p class='ocr_par' dir='ltr' id='par_1_2' title="bbox 161 441 1231 1063">
     <span class='ocr_line' id='line_1_2' title="bbox 268 441 1229 538; baseline 0.004 -32"><span class='ocrx_word' id='word_1_5' title='bbox 268 442 326 524; x_wconf 88' lang='grc' dir='ltr'>(ΙΙ)</span> <span class='ocrx_word' id='word_1_6' title='bbox 346 441 448 538; x_wconf 30' lang='grc' dir='ltr'><strong>4,Αοοᾱ</strong></span> <span class='ocrx_word' id='word_1_7' title='bbox 470 441 670 532; x_wconf 82' lang='lat' dir='ltr'><strong>Plutarchum</strong></span> <span class='ocrx_word' id='word_1_8' title='bbox 696 441 728 506; x_wconf 95' lang='lat' dir='ltr'><strong>in</strong></span> <span class='ocrx_word' id='word_1_9' title='bbox 757 441 848 510; x_wconf 73' lang='lat' dir='ltr'><strong>Arati</strong></span> <span class='ocrx_word' id='word_1_10' title='bbox 861 464 901 509; x_wconf 87' lang='lat' dir='ltr'><strong>·c.</strong></span> <span class='ocrx_word' id='word_1_11' title='bbox 930 444 964 520; x_wconf 91' lang='grc'><strong>6,</strong></span> <span class='ocrx_word' id='word_1_12' title='bbox 999 445 1052 510; x_wconf 92' lang='lat' dir='ltr'><strong>ubi</strong></span> <span class='ocrx_word' id='word_1_13' title='bbox 1079 443 1116 508; x_wconf 92' lang='lat' dir='ltr'><strong>de</strong></span> <span class='ocrx_word' id='word_1_14' title='bbox 1139 445 1229 510; x_wconf 86' lang='lat' dir='ltr'><strong>Arati</strong></span> 
     </span>
     <span class='ocr_line' id='line_1_3' title="bbox 161 543 1231 632; baseline 0 -18"><span class='ocrx_word' id='word_1_15' title='bbox 161 547 303 616; x_wconf 88' lang='lat' dir='ltr'><strong>consiliis</strong></span> <span class='ocrx_word' id='word_1_16' title='bbox 333 543 472 631; x_wconf 82' lang='lat' dir='ltr'><strong>Sicyonis</strong></span> <span class='ocrx_word' id='word_1_17' title='bbox 501 545 668 614; x_wconf 73' lang='lat' dir='ltr'>liberandae</span> <span class='ocrx_word' id='word_1_18' title='bbox 697 548 856 630; x_wconf 86' lang='lat' dir='ltr'><strong>exponitur</strong></span> <span class='ocrx_word' id='word_1_19' title='bbox 890 555 940 626; x_wconf 82' lang='lat' dir='ltr'><strong>(en</strong></span> <span class='ocrx_word' id='word_1_20' title='bbox 967 567 1026 632; x_wconf 90' lang='lat' dir='ltr'><strong>quo</strong></span> <span class='ocrx_word' id='word_1_21' title='bbox 1054 547 1118 614; x_wconf 93' lang='lat' dir='ltr'><strong>loco</strong></span> <span class='ocrx_word' id='word_1_22' title='bbox 1147 547 1231 615; x_wconf 88' lang='lat' dir='ltr'><strong>aliud</strong></span> 
     </span>
     <span class='ocr_line' id='line_1_4' title="bbox 162 646 1229 738; baseline 0.002 -20"><span class='ocrx_word' id='word_1_23' title='bbox 162 651 531 738; x_wconf 86' lang='lat' dir='ltr'><strong>mendumsuotempore</strong></span> <span class='ocrx_word' id='word_1_24' title='bbox 543 652 677 730; x_wconf 83' lang='lat' dir='ltr'><strong>tollam),</strong></span> <span class='ocrx_word' id='word_1_25' title='bbox 698 652 764 716; x_wconf 87' lang='lat' dir='ltr'><strong>haec</strong></span> <span class='ocrx_word' id='word_1_26' title='bbox 777 655 963 729; x_wconf 84' lang='lat' dir='ltr'><strong>scribuntur:</strong></span> <span class='ocrx_word' id='word_1_27' title='bbox 985 646 1229 738; x_wconf 75' lang='grc' dir='ltr'><em>Ἐμιοθωσωοο</em></span> 
     </span>
     <span class='ocr_line' id='line_1_5' title="bbox 163 748 1231 846; baseline 0.002 -22"><span class='ocrx_word' id='word_1_28' title='bbox 163 758 199 824; x_wconf 76' lang='grc' dir='ltr'><strong>δὲ</strong></span> <span class='ocrx_word' id='word_1_29' title='bbox 225 758 280 824; x_wconf 76' lang='grc' dir='ltr'><strong>καὶ</strong></span> <span class='ocrx_word' id='word_1_30' title='bbox 307 753 362 822; x_wconf 74' lang='lat' dir='ltr'><strong>deci</strong></span> <span class='ocrx_word' id='word_1_31' title='bbox 386 748 523 840; x_wconf 77' lang='grc' dir='ltr'><em>πρώτου</em></span> <span class='ocrx_word' id='word_1_32' title='bbox 539 755 732 839; x_wconf 73' lang='grc' dir='ltr'><em>Ξενοφίλου</em></span> <span class='ocrx_word' id='word_1_33' title='bbox 754 749 1063 846; x_wconf 74' lang='grc' dir='ltr'><em>τωνόἷρχικλωλωων</em></span> <span class='ocrx_word' id='word_1_34' title='bbox 1085 752 1126 826; x_wconf 78' lang='grc' dir='ltr'><strong>οὐ</strong></span> <span class='ocrx_word' id='word_1_35' title='bbox 1148 762 1231 826; x_wconf 80' lang='grc' dir='ltr'><em>πολ-</em></span> 
     </span>
     <span class='ocr_line' id='line_1_6' title="bbox 164 855 1230 962; baseline 0.004 -34"><span class='ocrx_word' id='word_1_36' title='bbox 164 857 249 936; x_wconf 68' lang='lat' dir='ltr'><strong>ioris</strong></span> <span class='ocrx_word' id='word_1_37' title='bbox 279 855 497 946; x_wconf 66' lang='lat' dir='ltr'><strong>cccccccccc.</strong></span> <span class='ocrx_word' id='word_1_38' title='bbox 555 863 779 962; x_wconf 44' lang='lat' dir='ltr'><strong>Curlprimum</strong></span> <span class='ocrx_word' id='word_1_39' title='bbox 811 883 866 946; x_wconf 90' lang='lat' dir='ltr'><strong>per</strong></span> <span class='ocrx_word' id='word_1_40' title='bbox 886 863 1230 956; x_wconf 73' lang='lat' dir='ltr'><strong>Xenophilum&#39;milites</strong></span> 
     </span>
     <span class='ocr_line' id='line_1_7' title="bbox 161 963 1231 1063; baseline 0.004 -29"><span class='ocrx_word' id='word_1_41' title='bbox 161 968 360 1038; x_wconf 83' lang='lat' dir='ltr'><strong>conduxerit·</strong></span> <span class='ocrx_word' id='word_1_42' title='bbox 372 977 461 1048; x_wconf 76' lang='lat' dir='ltr'><strong>(uam</strong></span> <span class='ocrx_word' id='word_1_43' title='bbox 480 969 538 1034; x_wconf 90' lang='lat' dir='ltr'><strong>hoc</strong></span> <span class='ocrx_word' id='word_1_44' title='bbox 556 967 838 1052; x_wconf 80' lang='lat' dir='ltr'><strong>significantverba</strong></span> <span class='ocrx_word' id='word_1_45' title='bbox 852 967 898 1063; x_wconf 83' lang='lat' dir='ltr'><strong>sic</strong></span> <span class='ocrx_word' id='word_1_46' title='bbox 909 967 1011 1056; x_wconf 86' lang='lat' dir='ltr'><strong>posita</strong></span> <span class='ocrx_word' id='word_1_47' title='bbox 1025 965 1078 1038; x_wconf 71' lang='lat' dir='ltr'><strong>ud</strong></span> <span class='ocrx_word' id='word_1_48' title='bbox 1094 963 1231 1053; x_wconf 74' lang='grc' dir='ltr'><em>ωρωωοο</em></span> 
     </span>
    </p>

    <p class='ocr_par' dir='ltr' id='par_1_3' title="bbox 140 1061 1232 1790">
     <span class='ocr_line' id='line_1_8' title="bbox 140 1061 1230 1156; baseline -0.002 -18"><span class='ocrx_word' id='word_1_49' title='bbox 140 1072 221 1148; x_wconf 72' lang='grc' dir='ltr'><strong><em>’Ξ.,</em></strong></span> <span class='ocrx_word' id='word_1_50' title='bbox 244 1073 306 1138; x_wconf 83' lang='lat' dir='ltr'><strong>etsi</strong></span> <span class='ocrx_word' id='word_1_51' title='bbox 327 1075 447 1139; x_wconf 84' lang='lat' dir='ltr'><strong>rectum</strong></span> <span class='ocrx_word' id='word_1_52' title='bbox 469 1076 536 1140; x_wconf 79' lang='lat' dir='ltr'><strong>erat</strong></span> <span class='ocrx_word' id='word_1_53' title='bbox 558 1075 695 1156; x_wconf 71' lang='grc' dir='ltr'><em>πρῶτον</em></span> <span class='ocrx_word' id='word_1_54' title='bbox 723 1068 778 1140; x_wconf 75' lang='lat' dir='ltr'><strong>&lt;bd</strong></span> <span class='ocrx_word' id='word_1_55' title='bbox 802 1061 1018 1156; x_wconf 75' lang='grc' dir='ltr'><strong>Ξενοφίλου),</strong></span> <span class='ocrx_word' id='word_1_56' title='bbox 1047 1091 1114 1138; x_wconf 68' lang='lat' dir='ltr'><strong>noll⁴</strong></span> <span class='ocrx_word' id='word_1_57' title='bbox 1129 1073 1230 1156; x_wconf 82' lang='lat' dir='ltr'><strong>magis</strong></span> 
     </span>
     <span class='ocr_line' id='line_1_9' title="bbox 159 1173 1232 1268; baseline 0 -24"><span class='ocrx_word' id='word_1_58' title='bbox 159 1178 296 1261; x_wconf 86' lang='lat' dir='ltr'><strong>apparet</strong></span> <span class='ocrx_word' id='word_1_59' title='bbox 317 1197 424 1260; x_wconf 87' lang='lat' dir='ltr'><strong>qnam,</strong></span> <span class='ocrx_word' id='word_1_60' title='bbox 446 1177 527 1244; x_wconf 91' lang='lat' dir='ltr'><strong>unde</strong></span> <span class='ocrx_word' id='word_1_61' title='bbox 548 1179 709 1264; x_wconf 79' lang='lat' dir='ltr'><strong>genetirus</strong></span> <span class='ocrx_word' id='word_1_62' title='bbox 731 1173 954 1268; x_wconf 73' lang='grc' dir='ltr'><em>ω’ρχικλωωωο</em></span> <span class='ocrx_word' id='word_1_63' title='bbox 976 1177 1122 1262; x_wconf 59' lang='lat' dir='ltr'><strong>pendeam</strong></span> <span class='ocrx_word' id='word_1_64' title='bbox 1151 1179 1232 1262; x_wconf 87' lang='lat' dir='ltr'><strong>qnod</strong></span> 
     </span>
     <span class='ocr_line' id='line_1_10' title="bbox 163 1277 1232 1366; baseline 0 -18"><span class='ocrx_word' id='word_1_65' title='bbox 163 1285 271 1348; x_wconf 89' lang='lat' dir='ltr'><strong>autem</strong></span> <span class='ocrx_word' id='word_1_66' title='bbox 303 1282 443 1358; x_wconf 87' lang='lat' dir='ltr'><strong>fuerunt,</strong></span> <span class='ocrx_word' id='word_1_67' title='bbox 479 1282 532 1365; x_wconf 90' lang='lat' dir='ltr'><strong>qui</strong></span> <span class='ocrx_word' id='word_1_68' title='bbox 552 1284 645 1349; x_wconf 80' lang='lat' dir='ltr'><strong>scribi</strong></span> <span class='ocrx_word' id='word_1_69' title='bbox 673 1285 789 1352; x_wconf 79' lang='lat' dir='ltr'><strong>vellent</strong></span> <span class='ocrx_word' id='word_1_70' title='bbox 813 1280 971 1358; x_wconf 60' lang='lat' dir='ltr'><strong>decis-iim.</strong></span> <span class='ocrx_word' id='word_1_71' title='bbox 999 1277 1137 1366; x_wconf 73' lang='grc' dir='ltr'><em>πρώτου</em></span> <span class='ocrx_word' id='word_1_72' title='bbox 1163 1285 1232 1348; x_wconf 69' lang='grc' dir='ltr'><strong>«τῶν</strong></span> 
     </span>
     <span class='ocr_line' id='line_1_11' title="bbox 161 1380 1230 1480; baseline 0.004 -28"><span class='ocrx_word' id='word_1_73' title='bbox 161 1380 401 1473; x_wconf 55' lang='lat' dir='ltr'><strong>depraedans,</strong></span> <span class='ocrx_word' id='word_1_74' title='bbox 431 1389 467 1452; x_wconf 88' lang='lat' dir='ltr'><strong>nt</strong></span> <span class='ocrx_word' id='word_1_75' title='bbox 487 1387 548 1452; x_wconf 82' lang='lat' dir='ltr'><strong>dux</strong></span> <span class='ocrx_word' id='word_1_76' title='bbox 568 1388 723 1454; x_wconf 82' lang='lat' dir='ltr'><strong>latronum</strong></span> <span class='ocrx_word' id='word_1_77' title='bbox 746 1391 978 1474; x_wconf 84' lang='lat' dir='ltr'><strong>significaretur,</strong></span> <span class='ocrx_word' id='word_1_78' title='bbox 1002 1408 1039 1454; x_wconf 91' lang='lat' dir='ltr'><strong>ne</strong></span> <span class='ocrx_word' id='word_1_79' title='bbox 1061 1389 1230 1480; x_wconf 71' lang='lat' dir='ltr'><strong>dicamsic</strong></span> 
     </span>
     <span class='ocr_line' id='line_1_12' title="bbox 165 1493 1231 1578; baseline 0.001 -21"><span class='ocrx_word' id='word_1_80' title='bbox 165 1495 318 1577; x_wconf 73' lang='grc' dir='ltr'><em>πρῶτος,</em></span> <span class='ocrx_word' id='word_1_81' title='bbox 348 1493 463 1560; x_wconf 91' lang='lat' dir='ltr'><strong>omisso</strong></span> <span class='ocrx_word' id='word_1_82' title='bbox 492 1493 665 1576; x_wconf 80' lang='lat' dir='ltr'><strong>praesertim</strong></span> <span class='ocrx_word' id='word_1_83' title='bbox 688 1495 831 1572; x_wconf 88' lang='lat' dir='ltr'><strong>articulo,</strong></span> <span class='ocrx_word' id='word_1_84' title='bbox 860 1495 922 1561; x_wconf 93' lang='lat' dir='ltr'><strong>dici</strong></span> <span class='ocrx_word' id='word_1_85' title='bbox 951 1513 1011 1566; x_wconf 89' lang='lat' dir='ltr'><strong>uon</strong></span> <span class='ocrx_word' id='word_1_86' title='bbox 1032 1513 1131 1578; x_wconf 88' lang='lat' dir='ltr'><strong>posse,</strong></span> <span class='ocrx_word' id='word_1_87' title='bbox 1170 1513 1231 1560; x_wconf 92' lang='lat' dir='ltr'><strong>non</strong></span> 
     </span>
     <span class='ocr_line' id='line_1_13' title="bbox 165 1590 1231 1686; baseline -0.002 -21"><span class='ocrx_word' id='word_1_88' title='bbox 165 1594 300 1683; x_wconf 71' lang='grc' dir='ltr'><em>πρώτος</em></span> <span class='ocrx_word' id='word_1_89' title='bbox 323 1601 391 1666; x_wconf 78' lang='grc' dir='ltr'><strong>τῶν</strong></span> <span class='ocrx_word' id='word_1_90' title='bbox 412 1590 633 1686; x_wconf 69' lang='grc' dir='ltr'><em>ἀρχικλώπων</em></span> <span class='ocrx_word' id='word_1_91' title='bbox 646 1604 713 1664; x_wconf 84' lang='lat' dir='ltr'><strong>erat</strong></span> <span class='ocrx_word' id='word_1_92' title='bbox 723 1599 921 1684; x_wconf 84' lang='lat' dir='ltr'><strong>Xenophilus,</strong></span> <span class='ocrx_word' id='word_1_93' title='bbox 943 1600 1142 1683; x_wconf 73' lang='lat' dir='ltr'><strong>sedarpcdaoc</strong></span> <span class='ocrx_word' id='word_1_94' title='bbox 1163 1601 1231 1664; x_wconf 73' lang='grc' dir='ltr'><strong>τῶν</strong></span> 
     </span>
     <span class='ocr_line' id='line_1_14' title="bbox 167 1698 1229 1790; baseline 0 -20"><span class='ocrx_word' id='word_1_95' title='bbox 167 1707 322 1782; x_wconf 72' lang='lat' dir='ltr'><strong>niuacio,</strong></span> <span class='ocrx_word' id='word_1_96' title='bbox 348 1707 406 1770; x_wconf 91' lang='lat' dir='ltr'><strong>hoc</strong></span> <span class='ocrx_word' id='word_1_97' title='bbox 428 1708 476 1770; x_wconf 88' lang='lat' dir='ltr'><strong>est</strong></span> <span class='ocrx_word' id='word_1_98' title='bbox 500 1698 686 1790; x_wconf 76' lang='grc' dir='ltr'><em>ἅρχίκλωψ.</em></span> <span class='ocrx_word' id='word_1_99' title='bbox 732 1706 871 1788; x_wconf 82' lang='lat' dir='ltr'>Apparet</span> <span class='ocrx_word' id='word_1_100' title='bbox 892 1707 1004 1788; x_wconf 86' lang='lat' dir='ltr'><strong>praeter</strong></span> <span class='ocrx_word' id='word_1_101' title='bbox 1022 1699 1229 1787; x_wconf 89' lang='lat' dir='ltr'><strong>Xenophilum</strong></span> 
     </span>
    </p>
   </div>
   <div class='ocr_carea' id='block_1_3' title="bbox 37 1811 1231 2014">
    <p class='ocr_par' dir='ltr' id='par_1_4' title="bbox 37 1811 1231 2014">
     <span class='ocr_line' id='line_1_15' title="bbox 37 1811 1230 1902; baseline -0.002 -26"><span class='ocrx_word' id='word_1_102' title='bbox 37 1857 38 1860; x_wconf 63' lang='lat'><strong>,</strong></span> <span class='ocrx_word' id='word_1_103' title='bbox 164 1813 302 1884; x_wconf 85' lang='lat' dir='ltr'><strong>alterum</strong></span> <span class='ocrx_word' id='word_1_104' title='bbox 336 1812 528 1900; x_wconf 81' lang='lat' dir='ltr'><strong>nominatum</strong></span> <span class='ocrx_word' id='word_1_105' title='bbox 549 1811 657 1902; x_wconf 40' lang='lat' dir='ltr'><strong>fluisse</strong></span> <span class='ocrx_word' id='word_1_106' title='bbox 691 1811 870 1896; x_wconf 82' lang='lat' dir='ltr'><strong>praedonum</strong></span> <span class='ocrx_word' id='word_1_107' title='bbox 906 1811 1031 1886; x_wconf 89' lang='lat' dir='ltr'><strong>ducem;</strong></span> <span class='ocrx_word' id='word_1_108' title='bbox 1067 1811 1230 1894; x_wconf 73' lang='lat' dir='ltr'><strong>scripserat</strong></span> 
     </span>
     <span class='ocr_line' id='line_1_16' title="bbox 37 1911 1231 2014; baseline -0.002 -32"><span class='ocrx_word' id='word_1_109' title='bbox 37 1979 39 1982; x_wconf 86' lang='lat'>.</span> <span class='ocrx_word' id='word_1_110' title='bbox 161 1919 248 1983; x_wconf 78' lang='lat' dir='ltr'><strong>enim</strong></span> <span class='ocrx_word' id='word_1_111' title='bbox 259 1918 444 1984; x_wconf 74' lang='lat' dir='ltr'><strong>Plutarchus</strong></span> <span class='ocrx_word' id='word_1_112' title='bbox 467 1911 521 1988; x_wconf 59' lang='lat' dir='ltr'><strong>dccc*</strong></span> <span class='ocrx_word' id='word_1_113' title='bbox 543 1911 717 1999; x_wconf 75' lang='grc' dir='ltr'><em>Πρώτου</em></span> <span class='ocrx_word' id='word_1_114' title='bbox 744 1918 811 1982; x_wconf 78' lang='grc' dir='ltr'><strong>καὶ</strong></span> <span class='ocrx_word' id='word_1_115' title='bbox 834 1917 1025 1999; x_wconf 75' lang='grc' dir='ltr'><em>Ξενοφίλου</em></span> <span class='ocrx_word' id='word_1_116' title='bbox 1047 1917 1115 1982; x_wconf 71' lang='lat' dir='ltr'><strong>acie</strong></span> <span class='ocrx_word' id='word_1_117' title='bbox 1136 1911 1231 2014; x_wconf 77' lang='grc' dir='ltr'><em>ω’ρχι-</em></span> 
     </span>
    </p>
   </div>
   <div class='ocr_carea' id='block_1_4' title="bbox 166 2015 1309 2212">
    <p class='ocr_par' dir='ltr' id='par_1_5' title="bbox 166 2015 1309 2212">
     <span class='ocr_line' id='line_1_17' title="bbox 166 2015 1309 2108; baseline -0.006 -19"><span class='ocrx_word' id='word_1_118' title='bbox 166 2015 321 2100; x_wconf 59' lang='lat' dir='ltr'><strong>albanu.</strong></span> <span class='ocrx_word' id='word_1_119' title='bbox 366 2023 444 2088; x_wconf 79' lang='lat' dir='ltr'><strong>Cum</strong></span> <span class='ocrx_word' id='word_1_120' title='bbox 466 2015 604 2108; x_wconf 74' lang='lat' dir='ltr'><strong>apriano</strong></span> <span class='ocrx_word' id='word_1_121' title='bbox 625 2041 680 2104; x_wconf 93' lang='lat' dir='ltr'><strong>pro</strong></span> <span class='ocrx_word' id='word_1_122' title='bbox 702 2022 886 2104; x_wconf 83' lang='lat' dir='ltr'><strong>appellativo</strong></span> <span class='ocrx_word' id='word_1_123' title='bbox 907 2023 1108 2104; x_wconf 79' lang='lat' dir='ltr'><strong>acciperetur,</strong></span> <span class='ocrx_word' id='word_1_124' title='bbox 1135 2023 1230 2088; x_wconf 88' lang='lat' dir='ltr'><strong>omis-</strong></span> <span class='ocrx_word' id='word_1_125' title='bbox 1308 2078 1309 2082; x_wconf 73' lang='grc'>,</span> 
     </span>
     <span class='ocr_line' id='line_1_18' title="bbox 166 2127 1230 2212; baseline 0 -18"><span class='ocrx_word' id='word_1_126' title='bbox 166 2149 235 2194; x_wconf 90' lang='lat' dir='ltr'><strong>sum</strong></span> <span class='ocrx_word' id='word_1_127' title='bbox 258 2130 307 2194; x_wconf 88' lang='lat' dir='ltr'><strong>est</strong></span> <span class='ocrx_word' id='word_1_128' title='bbox 333 2129 398 2194; x_wconf 79' lang='lat' dir='ltr'><strong>aci.</strong></span> <span class='ocrx_word' id='word_1_129' title='bbox 432 2129 592 2212; x_wconf 67' lang='grc' dir='ltr'><strong>ΙΠροῖτος</strong></span> <span class='ocrx_word' id='word_1_130' title='bbox 619 2146 731 2194; x_wconf 89' lang='lat' dir='ltr'><strong>nomen</strong></span> <span class='ocrx_word' id='word_1_131' title='bbox 758 2127 974 2212; x_wconf 85' lang='lat' dir='ltr'><strong>propriumin</strong></span> <span class='ocrx_word' id='word_1_132' title='bbox 1000 2128 1107 2194; x_wconf 78' lang='lat' dir='ltr'><strong>lexicis</strong></span> <span class='ocrx_word' id='word_1_133' title='bbox 1130 2147 1146 2193; x_wconf 93' lang='lat' dir='ltr'><strong>e</strong></span> <span class='ocrx_word' id='word_1_134' title='bbox 1168 2129 1230 2194; x_wconf 91' lang='lat' dir='ltr'><strong>De-</strong></span> 
     </span>
    </p>
   </div>
   <div class='ocr_carea' id='block_1_5' title="bbox 37 2232 1226 2320">
    <p class='ocr_par' dir='ltr' id='par_1_6' title="bbox 37 2232 1226 2320">
     <span class='ocr_line' id='line_1_19' title="bbox 37 2232 1226 2320; baseline 0 -22"><span class='ocrx_word' id='word_1_135' title='bbox 37 2273 38 2276; x_wconf 60' lang='lat'><em>=</em></span> <span class='ocrx_word' id='word_1_136' title='bbox 166 2234 337 2313; x_wconf 79' lang='lat' dir='ltr'><strong>mosthene,</strong></span> <span class='ocrx_word' id='word_1_137' title='bbox 353 2232 766 2320; x_wconf 67' lang='lat' dir='ltr'><strong>Blutarchoips01(Scl.c.2),</strong></span> <span class='ocrx_word' id='word_1_138' title='bbox 785 2233 1036 2316; x_wconf 77' lang='lat' dir='ltr'><strong>inscriptionibus</strong></span> <span class='ocrx_word' id='word_1_139' title='bbox 1049 2236 1226 2310; x_wconf 66' lang='lat' dir='ltr'><strong>annotatum</strong></span> 
     </span>
    </p>
   </div>
   <div class='ocr_carea' id='block_1_6' title="bbox 163 2325 1230 2428">
    <p class='ocr_par' dir='ltr' id='par_1_7' title="bbox 163 2325 1230 2428">
     <span class='ocr_line' id='line_1_20' title="bbox 163 2325 1230 2428; baseline 0.001 -24"><span class='ocrx_word' id='word_1_140' title='bbox 163 2339 250 2410; x_wconf 86' lang='lat' dir='ltr'><strong>idem</strong></span> <span class='ocrx_word' id='word_1_141' title='bbox 278 2339 311 2428; x_wconf 71' lang='lat' dir='ltr'><strong>in</strong></span> <span class='ocrx_word' id='word_1_142' title='bbox 340 2339 405 2402; x_wconf 82' lang='lat' dir='ltr'><strong>uita</strong></span> <span class='ocrx_word' id='word_1_143' title='bbox 425 2335 533 2403; x_wconf 90' lang='lat' dir='ltr'><strong>Dionis</strong></span> <span class='ocrx_word' id='word_1_144' title='bbox 557 2355 581 2402; x_wconf 93' lang='lat' dir='ltr'><strong>c.</strong></span> <span class='ocrx_word' id='word_1_145' title='bbox 605 2338 660 2414; x_wconf 73' lang='lat' dir='ltr'><strong>ab,</strong></span> <span class='ocrx_word' id='word_1_146' title='bbox 688 2357 834 2420; x_wconf 87' lang='lat' dir='ltr'><strong>cumpro</strong></span> <span class='ocrx_word' id='word_1_147' title='bbox 857 2338 1008 2404; x_wconf 89' lang='lat' dir='ltr'><strong>numerali</strong></span> <span class='ocrx_word' id='word_1_148' title='bbox 1034 2325 1230 2424; x_wconf 65' lang='lat' dir='ltr'><strong>acciperetis,</strong></span> 
     </span>
    </p>
   </div>
   <div class='ocr_carea' id='block_1_7' title="bbox 38 2431 521 2526">
    <p class='ocr_par' dir='ltr' id='par_1_8' title="bbox 38 2431 521 2526">
     <span class='ocr_line' id='line_1_21' title="bbox 38 2431 521 2526; baseline -0.004 -18"><span class='ocrx_word' id='word_1_149' title='bbox 38 2473 40 2492; x_wconf 50' lang='lat' dir='ltr'><strong>i</strong></span> <span class='ocrx_word' id='word_1_150' title='bbox 164 2442 339 2514; x_wconf 79' lang='lat' dir='ltr'><strong>Schaeferus</strong></span> <span class='ocrx_word' id='word_1_151' title='bbox 361 2431 521 2526; x_wconf 71' lang='lat' dir='ltr'><strong>agnovit</strong></span> 
     </span>
    </p>
   </div>
   <div class='ocr_carea' id='block_1_8' title="bbox 165 2545 1236 3692">
    <p class='ocr_par' dir='ltr' id='par_1_9' title="bbox 165 2545 1236 3692">
     <span class='ocr_line' id='line_1_22' title="bbox 268 2545 1230 2629; baseline -0.002 -13"><span class='ocrx_word' id='word_1_152' title='bbox 268 2549 344 2628; x_wconf 74' lang='lat'><em>(111)</em></span> <span class='ocrx_word' id='word_1_153' title='bbox 366 2547 402 2612; x_wconf 96' lang='lat' dir='ltr'><strong>ln</strong></span> <span class='ocrx_word' id='word_1_154' title='bbox 426 2545 582 2612; x_wconf 84' lang='lat' dir='ltr'><strong>Ciceronis</strong></span> <span class='ocrx_word' id='word_1_155' title='bbox 603 2547 737 2612; x_wconf 87' lang='lat' dir='ltr'><strong>oratione</strong></span> <span class='ocrx_word' id='word_1_156' title='bbox 758 2566 812 2629; x_wconf 82' lang='lat' dir='ltr'><strong>pro</strong></span> <span class='ocrx_word' id='word_1_157' title='bbox 837 2545 923 2614; x_wconf 87' lang='lat' dir='ltr'><strong>Sulla</strong></span> <span class='ocrx_word' id='word_1_158' title='bbox 945 2545 995 2620; x_wconf 82' lang='lat'><strong>55,</strong></span> <span class='ocrx_word' id='word_1_159' title='bbox 1018 2547 1071 2612; x_wconf 91' lang='lat' dir='ltr'><strong>ubi</strong></span> <span class='ocrx_word' id='word_1_160' title='bbox 1093 2547 1230 2626; x_wconf 82' lang='lat' dir='ltr'><strong>defendit</strong></span> 
     </span>
     <span class='ocr_line' id='line_1_23' title="bbox 165 2651 1228 2744; baseline -0.001 -25"><span class='ocrx_word' id='word_1_161' title='bbox 165 2655 285 2722; x_wconf 87' lang='lat' dir='ltr'><strong>crimen</strong></span> <span class='ocrx_word' id='word_1_162' title='bbox 305 2653 511 2736; x_wconf 84' lang='lat' dir='ltr'><strong>gladiatomrrr</strong></span> <span class='ocrx_word' id='word_1_163' title='bbox 532 2651 632 2736; x_wconf 91' lang='lat' dir='ltr'><strong>specie</strong></span> <span class='ocrx_word' id='word_1_164' title='bbox 653 2654 789 2718; x_wconf 88' lang='lat' dir='ltr'><strong>muneris</strong></span> <span class='ocrx_word' id='word_1_165' title='bbox 811 2671 831 2716; x_wconf 90' lang='lat' dir='ltr'><strong>a</strong></span> <span class='ocrx_word' id='word_1_166' title='bbox 851 2651 964 2744; x_wconf 83' lang='lat' dir='ltr'><strong>Fausto</strong></span> <span class='ocrx_word' id='word_1_167' title='bbox 992 2651 1086 2718; x_wconf 86' lang='lat' dir='ltr'><strong>dandi</strong></span> <span class='ocrx_word' id='word_1_168' title='bbox 1110 2656 1228 2736; x_wconf 90' lang='lat' dir='ltr'><strong>empto·</strong></span> 
     </span>
     <span class='ocr_line' id='line_1_24' title="bbox 167 2737 1230 2852; baseline -0.002 -28"><span class='ocrx_word' id='word_1_169' title='bbox 167 2778 236 2824; x_wconf 88' lang='lat' dir='ltr'><strong>rum</strong></span> <span class='ocrx_word' id='word_1_170' title='bbox 259 2737 553 2832; x_wconf 59' lang='lat' dir='ltr'><strong>Sullaaobiectum,</strong></span> <span class='ocrx_word' id='word_1_171' title='bbox 585 2758 629 2822; x_wconf 94' lang='lat' dir='ltr'><strong>sic</strong></span> <span class='ocrx_word' id='word_1_172' title='bbox 658 2757 742 2840; x_wconf 89' lang='lat' dir='ltr'><strong>locus</strong></span> <span class='ocrx_word' id='word_1_173' title='bbox 769 2757 973 2822; x_wconf 83' lang='lat' dir='ltr'><strong>concluditur:</strong></span> <span class='ocrx_word' id='word_1_174' title='bbox 1015 2759 1095 2841; x_wconf 87' lang='lat' dir='ltr'><strong>Iam</strong></span> <span class='ocrx_word' id='word_1_175' title='bbox 1127 2757 1158 2822; x_wconf 89' lang='lat' dir='ltr'><strong>si</strong></span> <span class='ocrx_word' id='word_1_176' title='bbox 1191 2759 1230 2852; x_wconf 84' lang='lat' dir='ltr'><strong>in</strong></span> 
     </span>
     <span class='ocr_line' id='line_1_25' title="bbox 168 2860 1230 2948; baseline -0.002 -18"><span class='ocrx_word' id='word_1_177' title='bbox 168 2862 345 2948; x_wconf 86' lang='lat' dir='ltr'><strong>paranda</strong></span> <span class='ocrx_word' id='word_1_178' title='bbox 371 2860 525 2928; x_wconf 86' lang='lat' dir='ltr'><strong>familia</strong></span> <span class='ocrx_word' id='word_1_179' title='bbox 553 2861 661 2926; x_wconf 81' lang='lat' dir='ltr'><strong>nul-la</strong></span> <span class='ocrx_word' id='word_1_180' title='bbox 685 2863 857 2946; x_wconf 88' lang='lat' dir='ltr'><strong>suspicio</strong></span> <span class='ocrx_word' id='word_1_181' title='bbox 881 2865 955 2937; x_wconf 91' lang='lat' dir='ltr'><strong>est,</strong></span> <span class='ocrx_word' id='word_1_182' title='bbox 983 2862 1067 2948; x_wconf 87' lang='lat' dir='ltr'><strong>quis</strong></span> <span class='ocrx_word' id='word_1_183' title='bbox 1088 2863 1230 2944; x_wconf 74' lang='lat' dir='ltr'><strong>praefu-</strong></span> 
     </span>
     <span class='ocr_line' id='line_1_26' title="bbox 168 2951 1230 3048; baseline -0.003 -13"><span class='ocrx_word' id='word_1_184' title='bbox 168 2951 264 3048; x_wconf 71' lang='lat' dir='ltr'><strong>erit,</strong></span> <span class='ocrx_word' id='word_1_185' title='bbox 284 2966 383 3032; x_wconf 90' lang='lat' dir='ltr'><strong>nihil</strong></span> <span class='ocrx_word' id='word_1_186' title='bbox 404 2962 545 3031; x_wconf 82' lang='lat' dir='ltr'><strong>adrem</strong></span> <span class='ocrx_word' id='word_1_187' title='bbox 566 2965 784 3048; x_wconf 48' lang='lat' dir='ltr'><strong>pertineto,</strong></span> <span class='ocrx_word' id='word_1_188' title='bbox 812 2966 889 3032; x_wconf 87' lang='lat' dir='ltr'><strong>Sed</strong></span> <span class='ocrx_word' id='word_1_189' title='bbox 915 2969 1046 3032; x_wconf 85' lang='lat' dir='ltr'><strong>tamen</strong></span> <span class='ocrx_word' id='word_1_190' title='bbox 1073 2986 1230 3044; x_wconf 82' lang='lat' dir='ltr'><strong>munere</strong></span> 
     </span>
     <span class='ocr_line' id='line_1_27' title="bbox 166 3069 1229 3154; baseline -0.003 -13"><span class='ocrx_word' id='word_1_191' title='bbox 166 3076 291 3154; x_wconf 73' lang='lat' dir='ltr'><strong>(contra</strong></span> <span class='ocrx_word' id='word_1_192' title='bbox 313 3069 431 3136; x_wconf 91' lang='lat' dir='ltr'><strong>codices</strong></span> <span class='ocrx_word' id='word_1_193' title='bbox 453 3069 595 3134; x_wconf 84' lang='lat' dir='ltr'><strong>scribitur</strong></span> <span class='ocrx_word' id='word_1_194' title='bbox 616 3070 654 3134; x_wconf 92' lang='lat' dir='ltr'><strong>in</strong></span> <span class='ocrx_word' id='word_1_195' title='bbox 677 3083 843 3146; x_wconf 76' lang='lat' dir='ltr'><strong>munere)</strong></span> <span class='ocrx_word' id='word_1_196' title='bbox 866 3073 1004 3139; x_wconf 84' lang='lat' dir='ltr'><strong>servili</strong></span> <span class='ocrx_word' id='word_1_197' title='bbox 1025 3072 1169 3137; x_wconf 89' lang='lat' dir='ltr'><strong>obtulit</strong></span> <span class='ocrx_word' id='word_1_198' title='bbox 1190 3092 1229 3138; x_wconf 89' lang='lat' dir='ltr'><strong>se</strong></span> 
     </span>
     <span class='ocr_line' id='line_1_28' title="bbox 168 3175 1236 3261; baseline 0 -15"><span class='ocrx_word' id='word_1_199' title='bbox 168 3182 212 3246; x_wconf 87' lang='lat' dir='ltr'><strong>ad</strong></span> <span class='ocrx_word' id='word_1_200' title='bbox 233 3175 484 3244; x_wconf 84' lang='lat' dir='ltr'><strong>ferramenta</strong></span> <span class='ocrx_word' id='word_1_201' title='bbox 504 3175 796 3258; x_wconf 85' lang='lat' dir='ltr'><strong>prospicienda,</strong></span> <span class='ocrx_word' id='word_1_202' title='bbox 826 3179 985 3261; x_wconf 75' lang='lat' dir='ltr'><strong>prefuit</strong></span> <span class='ocrx_word' id='word_1_203' title='bbox 1011 3195 1104 3242; x_wconf 87' lang='lat' dir='ltr'><strong>voro</strong></span> <span class='ocrx_word' id='word_1_204' title='bbox 1133 3197 1236 3246; x_wconf 39' lang='lat' dir='ltr'><strong>nnn-r</strong></span> 
     </span>
     <span class='ocr_line' id='line_1_29' title="bbox 166 3281 1229 3374; baseline -0.002 -24"><span class='ocrx_word' id='word_1_205' title='bbox 166 3304 299 3368; x_wconf 76' lang='lat' dir='ltr'><strong>onam,</strong></span> <span class='ocrx_word' id='word_1_206' title='bbox 357 3294 478 3372; x_wconf 79' lang='lat' dir='ltr'><strong>eaqub</strong></span> <span class='ocrx_word' id='word_1_207' title='bbox 518 3299 578 3344; x_wconf 86' lang='lat' dir='ltr'><strong>res</strong></span> <span class='ocrx_word' id='word_1_208' title='bbox 616 3281 715 3374; x_wconf 85' lang='lat' dir='ltr'><strong>omni</strong></span> <span class='ocrx_word' id='word_1_209' title='bbox 755 3281 922 3366; x_wconf 91' lang='lat' dir='ltr'><strong>tempore</strong></span> <span class='ocrx_word' id='word_1_210' title='bbox 961 3302 1026 3368; x_wconf 89' lang='lat' dir='ltr'><strong>per</strong></span> <span class='ocrx_word' id='word_1_211' title='bbox 1062 3282 1229 3360; x_wconf 87' lang='lat' dir='ltr'><strong>Bellum,</strong></span> 
     </span>
     <span class='ocr_line' id='line_1_30' title="bbox 173 3384 1231 3470; baseline -0.004 -14"><span class='ocrx_word' id='word_1_212' title='bbox 173 3385 539 3470; x_wconf 73' lang='lat' dir='ltr'><strong>Fausti-libertum,</strong></span> <span class='ocrx_word' id='word_1_213' title='bbox 561 3384 845 3450; x_wconf 87' lang='lat' dir='ltr'><strong>administrata</strong></span> <span class='ocrx_word' id='word_1_214' title='bbox 866 3390 933 3452; x_wconf 89' lang='lat' dir='ltr'><strong>est.</strong></span> <span class='ocrx_word' id='word_1_215' title='bbox 975 3388 1145 3470; x_wconf 83' lang='lat' dir='ltr'><strong>Aptissima</strong></span> <span class='ocrx_word' id='word_1_216' title='bbox 1166 3388 1231 3452; x_wconf 82' lang='lat' dir='ltr'><strong>haec</strong></span> 
     </span>
     <span class='ocr_line' id='line_1_31' title="bbox 173 3487 1230 3576; baseline -0.002 -16"><span class='ocrx_word' id='word_1_217' title='bbox 173 3496 325 3562; x_wconf 90' lang='lat' dir='ltr'><strong>adduntur</strong></span> <span class='ocrx_word' id='word_1_218' title='bbox 347 3493 379 3558; x_wconf 90' lang='lat' dir='ltr'><strong>et</strong></span> <span class='ocrx_word' id='word_1_219' title='bbox 400 3489 565 3554; x_wconf 82' lang='lat' dir='ltr'><strong>cohaerent:</strong></span> <span class='ocrx_word' id='word_1_220' title='bbox 610 3489 710 3566; x_wconf 68' lang='lat' dir='ltr'><strong>,Etst</strong></span> <span class='ocrx_word' id='word_1_221' title='bbox 727 3487 869 3576; x_wconf 90' lang='lat' dir='ltr'><strong>quoniam</strong></span> <span class='ocrx_word' id='word_1_222' title='bbox 891 3492 1016 3558; x_wconf 89' lang='lat' dir='ltr'><strong>adrem</strong></span> <span class='ocrx_word' id='word_1_223' title='bbox 1037 3492 1115 3560; x_wconf 89' lang='lat' dir='ltr'><strong>nihil</strong></span> <span class='ocrx_word' id='word_1_224' title='bbox 1134 3495 1230 3576; x_wconf 90' lang='lat' dir='ltr'><strong>perti-</strong></span> 
     </span>
     <span class='ocr_line' id='line_1_32' title="bbox 173 3595 1230 3692; baseline 0.003 -29"><span class='ocrx_word' id='word_1_225' title='bbox 173 3601 236 3674; x_wconf 86' lang='lat' dir='ltr'><strong>net,</strong></span> <span class='ocrx_word' id='word_1_226' title='bbox 263 3598 404 3681; x_wconf 89' lang='lat' dir='ltr'><strong>poteram</strong></span> <span class='ocrx_word' id='word_1_227' title='bbox 427 3595 585 3692; x_wconf 81' lang='lat' dir='ltr'><strong>omittere,</strong></span> <span class='ocrx_word' id='word_1_228' title='bbox 611 3597 715 3684; x_wconf 76' lang='lat' dir='ltr'><strong>tamn]</strong></span> <span class='ocrx_word' id='word_1_229' title='bbox 742 3596 855 3662; x_wconf 85' lang='lat' dir='ltr'><strong>addam</strong></span> <span class='ocrx_word' id='word_1_230' title='bbox 876 3595 994 3662; x_wconf 82' lang='lat' dir='ltr'><strong>Sullam</strong></span> <span class='ocrx_word' id='word_1_231' title='bbox 1021 3598 1136 3682; x_wconf 85' lang='lat' dir='ltr'><strong>aliquid</strong></span> <span class='ocrx_word' id='word_1_232' title='bbox 1157 3618 1230 3670; x_wconf 87' lang='lat' dir='ltr'><strong>sane</strong></span> 
     </span>
    </p>
   </div>
   <div class='ocr_carea' id='block_1_9' title="bbox 239 3821 1230 4112">
    <p class='ocr_par' dir='ltr' id='par_1_10' title="bbox 239 3821 1230 4112">
     <span class='ocr_line' id='line_1_33' title="bbox 239 3821 1229 3921; baseline 0.008 -19"><span class='ocrx_word' id='word_1_233' title='bbox 239 3849 435 3918; x_wconf 78' lang='lat' dir='ltr'><strong>Amphoterum</strong></span> <span class='ocrx_word' id='word_1_234' title='bbox 458 3848 614 3920; x_wconf 74' lang='grc' dir='ltr'><em>οὐδέτερον.</em></span> <span class='ocrx_word' id='word_1_235' title='bbox 658 3851 775 3906; x_wconf 80' lang='lat' dir='ltr'><strong>Tollitur</strong></span> <span class='ocrx_word' id='word_1_236' title='bbox 804 3853 892 3912; x_wconf 89' lang='lat' dir='ltr'><strong>lnsns,</strong></span> <span class='ocrx_word' id='word_1_237' title='bbox 914 3852 938 3906; x_wconf 86' lang='lat' dir='ltr'><strong>si</strong></span> <span class='ocrx_word' id='word_1_238' title='bbox 963 3821 1143 3921; x_wconf 69' lang='lat' dir='ltr'><strong>precatui</strong></span> <span class='ocrx_word' id='word_1_239' title='bbox 1167 3855 1229 3910; x_wconf 86' lang='lat' dir='ltr'><strong>snb·</strong></span> 
     </span>
     <span class='ocr_line' id='line_1_34' title="bbox 240 3941 1230 4028; baseline 0.007 -35"><span class='ocrx_word' id='word_1_240' title='bbox 240 3941 367 3994; x_wconf 86' lang='lat' dir='ltr'><strong>stituitur</strong></span> <span class='ocrx_word' id='word_1_241' title='bbox 389 3941 468 4028; x_wconf 86' lang='lat' dir='ltr'><strong>homo</strong></span> <span class='ocrx_word' id='word_1_242' title='bbox 493 3941 548 3994; x_wconf 83' lang='lat' dir='ltr'><strong>iam</strong></span> <span class='ocrx_word' id='word_1_243' title='bbox 571 3943 601 3996; x_wconf 89' lang='lat' dir='ltr'><strong>id</strong></span> <span class='ocrx_word' id='word_1_244' title='bbox 623 3959 718 3998; x_wconf 90' lang='lat' dir='ltr'><strong>nomen</strong></span> <span class='ocrx_word' id='word_1_245' title='bbox 744 3943 905 4012; x_wconf 84' lang='lat' dir='ltr'><strong>(inauditum</strong></span> <span class='ocrx_word' id='word_1_246' title='bbox 930 3943 1061 4014; x_wconf 86' lang='lat' dir='ltr'><strong>alioquin)</strong></span> <span class='ocrx_word' id='word_1_247' title='bbox 1080 3961 1183 4014; x_wconf 83' lang='lat' dir='ltr'><strong>gerens,</strong></span> <span class='ocrx_word' id='word_1_248' title='bbox 1201 3947 1230 4000; x_wconf 93' lang='lat' dir='ltr'><strong>in</strong></span> 
     </span>
     <span class='ocr_line' id='line_1_35' title="bbox 240 4031 745 4112; baseline 0.004 -24"><span class='ocrx_word' id='word_1_249' title='bbox 240 4047 292 4102; x_wconf 87' lang='lat' dir='ltr'><strong>quo</strong></span> <span class='ocrx_word' id='word_1_250' title='bbox 310 4033 378 4086; x_wconf 90' lang='lat' dir='ltr'><strong>insit</strong></span> <span class='ocrx_word' id='word_1_251' title='bbox 395 4031 557 4102; x_wconf 79' lang='lat' dir='ltr'><strong>significatio</strong></span> <span class='ocrx_word' id='word_1_252' title='bbox 576 4033 745 4112; x_wconf 65' lang='grc' dir='ltr'><strong>ἀμφοτέρων.</strong></span> 
     </span>
    </p>
   </div>
   <div class='ocr_carea' id='block_1_10' title="bbox 0 0 1487 4664">
    <p class='ocr_par' dir='ltr' id='par_1_11' title="bbox 0 0 1487 4664">
     <span class='ocr_line' id='line_1_36' title="bbox 0 0 1487 4664; baseline 0 0"><span class='ocrx_word' id='word_1_253' title='bbox 0 0 1487 4664; x_wconf 95' lang='lat' dir='ltr'><strong> </strong></span> 
     </span>
    </p>
   </div>
  </div>
 </body>
</html>
