2944 4660
540 1363 775 1452 Puooimuu.
903 1463 907 1480 ,
965 1384 970 1394 ·

124 1491 210 1626 Opus
249 1543 353 1608 ordior
393 1563 493 1628 neque
531 1546 705 1629 argumenti
745 1547 907 1628 splendore
946 1553 1189 1622 commendabile

122 1669 213 1732 neque
236 1646 358 1717 dicendi
388 1651 576 1716 ornamentis
602 1655 804 1734 opportunum
837 1672 935 1734 neque
957 1658 1095 1722 materiae
1125 1661 1189 1726 dia-

122 1755 268 1836 positione
297 1758 329 1820 et
360 1754 465 1821 ordina
499 1755 709 1826 artificiosum.
731 1759 848 1824 humile
872 1761 974 1824 totum
997 1763 1029 1824 et
1049 1763 1188 1846 simplex,

122 1861 156 1926 iis
175 1865 300 1937 tamem
338 1862 375 1924 ut
405 1861 528 1941 opinor,
567 1863 619 1944 qui
656 1863 688 1926 in
712 1863 826 1928 Graeeis
861 1865 1041 1948 Latinisque
1077 1870 1189 1935 litteris

123 1969 221 2034 studia
256 1967 349 2050 paulo
386 1965 535 2032 intentius
570 1971 704 2050 ponuat,
737 1989 797 2034 non
833 1970 943 2036 inutile
974 1991 1031 2037 nee
1067 1995 1189 2056 prorsus

122 2074 330 2140 iniucundum.
364 2072 439 2152 Quae
463 2073 545 2138 caim
568 2073 645 2138 mihi
667 2075 871 2158 quadraginta
892 2076 955 2144 iam
978 2095 1073 2144 annos
1094 2081 1126 2144 in
1141 2082 1189 2148 his

121 2180 230 2247 litteris
252 2178 413 2244 tradendis
435 2182 582 2262 occupato
605 2181 804 2264 veterumque
826 2181 1010 2263 scriptorum
1033 2185 1189 2269 utriusque

125 2285 235 2370 linguae
272 2285 368 2350 libros
407 2285 528 2350 assidue
566 2289 702 2352 versanti
740 2288 964 2372 diligenterque
1004 2292 1035 2354 et
1072 2291 1189 2356 attente

125 2393 270 2457 anelanti
292 2392 424 2456 subnata
446 2395 493 2458 est
514 2396 626 2474 praeter
648 2413 701 2472 ea,
726 2413 792 2475 quae
821 2395 884 2458 iam
910 2392 1046 2459 eiusdem
1068 2394 1190 2476 generis

14 2479 29 2501 '
126 2497 224 2574 edidi,
269 2497 357 2578 copia
397 2499 645 2567 emendationum
682 2501 852 2566 coniectura
891 2499 1099 2580 repedatum,
1136 2499 1191 2564 sed

127 2604 301 2668 coniectura
335 2603 474 2670 codicum
511 2607 642 2690 vestigia
673 2607 799 2670 rimanti
837 2607 869 2668 et
903 2623 1009 2686 presso
1043 2607 1191 2686 cauteque

127 2710 281 2791 sequenti,
317 2711 421 2793 ampla
453 2713 485 2776 et
521 2713 560 2778 ad
589 2713 704 2776 multos
737 2713 769 2776 et
796 2710 947 2792 principes
981 2711 1012 2774 et
1040 2710 1190 2774 inferioris

127 2816 236 2896 gradum
258 2817 423 2896 scriptores
443 2818 616 2898 pertinens,
646 2837 714 2882 eam
740 2816 876 2890 decrevi,
900 2816 1042 2897 quoniam
1069 2816 1190 2883 animus

128 2920 185 2984 iam
213 2922 263 2986 lris
292 2922 463 2988 stadiorum
491 2923 642 3006 angustiis
670 2925 701 2988 et
727 2921 867 2986 minutiis
898 2921 998 2988 fessus
1034 2939 1088 3003 per
1117 2923 1191 2999 alia,

128 3025 218 3090 etiam
242 3028 329 3092 extra
349 3028 558 3112 philologiam,
579 3027 705 3094 liberius
723 3027 847 3110 evagari
869 3030 900 3091 et
922 3027 953 3090 in
976 3027 1024 3103 iis,
1047 3027 1190 3110 quioquid

128 3133 285 3218 sexaginta
311 3135 457 3215 quattuor
484 3155 578 3202 annos
609 3153 806 3218 supergresso
830 3133 1012 3198 concedetur
1033 3134 1190 3216 temporis,

127 3257 233 3318 ponere
262 3241 349 3316 avet,
385 3242 544 3311 collectam
576 3261 669 3324 quam
697 3239 878 3304 brevissime
904 3241 1009 3322 potero
1040 3242 1071 3304 et
1097 3259 1191 3322 qaam

128 3345 251 3410 minime
285 3347 448 3412 ambitiose
484 3349 583 3413 edere.
638 3347 718 3412 Nam
754 3362 852 3427 neque
884 3345 1010 3427 indigna
1047 3346 1191 3424 editione,

129 3470 191 3531 quae
221 3452 307 3516 domi
334 3453 482 3518 hactenus
512 3454 646 3530 servavi,
682 3456 717 3518 nt
737 3453 769 3516 in
793 3452 852 3515 hoc
881 3467 1009 3534 genere,
1037 3449 1191 3527 videntur,

129 3575 231 3639 noque,
257 3559 285 3623 si
307 3561 380 3642 quid
401 3560 433 3624 in
456 3561 494 3625 iis
517 3564 565 3625 est
585 3559 739 3634 utilitatis,
762 3575 816 3619 cur
837 3575 927 3620 usum
950 3573 1054 3619 eorum
1069 3539 1192 3619 'differri

129 3664 226 3742 uelim,
249 3665 413 3750 intelleg03
437 3665 469 3729 et
483 3665 597 3730 rectius
615 3663 864 3746 commodiusque
881 3681 898 3725 a
919 3681 969 3724 me
983 3661 1050 3744 ipso
1064 3659 1193 3726 edentur

44 3766 52 3859 Ἰ
130 3791 216 3854 quam
244 3771 314 3836 aliis
348 3771 478 3838 fortasse
507 3773 624 3837 edenda
656 3771 881 3854 relinquentur;
916 3785 987 3832 nam
1021 3766 1192 3855 attollere

129 3885 248 3960 potero,
294 3880 321 3944 si
365 3880 437 3960 quid
475 3878 571 3942 denuo
610 3877 784 3958 inspectum
829 3873 1018 3957 displicebit,
1038 3935 1040 3944 ,
1060 3873 1092 3936 et
1124 3872 1191 3936 aliis

130 3989 296 4060 extremam
324 4007 450 4054 manum
477 3986 633 4067 imponere
668 3984 700 4048 et
740 3981 893 4058 rationes,
929 3980 981 4044 nbi
1012 3997 1088 4060 opus
1123 3980 1191 4054 erit,
1314 3984 1320 4010 ²

49 4084 52 4135 :
130 4118 285 4183 exponere.
1008 4141 1029 4150 ..
1053 4141 1064 4151 a
1086 4121 1088 4128 ’
1119 4115 1125 4154 ι
1230 4162 1236 4171 ,

979 4197 989 4240 ι
