2944 4660
290 237 329 300 18
750 233 812 290 Lib.
830 235 853 291 1.

247 434 291 500 sio
312 433 500 517 scripsisset:
524 426 669 516 Ἐπειδή
693 434 728 500 δὲ
750 434 906 500 ἐνταῦθα
930 423 1033 517 λόγον
1048 421 1255 515 γεγόναμεν,
1276 428 1317 496 αι’

248 533 293 606 ἄν
321 541 424 624 φαίης
452 539 589 622 μᾶλλον
623 538 710 606 εἶναι
744 536 839 624 nuper*
875 536 940 624 τήν
978 543 1115 602 ἔννοιαν
1147 528 1169 618 ἢ
1196 529 1235 600 τό
1263 529 1315 618 μή

247 640 419 729 λαβόντας
441 652 577 710 ἔννοιαν
598 637 740 730 α’γαθοὺ
763 649 851 732 μηδὲ
878 653 1016 731 ἔχοντας
1056 643 1216 724 ἐφίεσθαι
1253 642 1317 708 τοῦ

247 745 388 838 α’γαθοὺ
406 751 460 816 καὶ
479 742 624 826 διώκειν,
640 769 676 820 ox
688 754 721 818 τί
732 749 777 818 ἄν
788 753 906 818 suctum
922 752 971 816 est
988 751 1072 828 πᾶν,
1085 767 1140 840 pro
1152 766 1211 832 quo
1227 747 1316 814 video

247 858 382 941 aliquem
404 855 572 922 coniecisse
601 858 798 924 scribendum
821 878 890 924 csse
917 848 1059 932 παντός,
1085 853 1225 930 oblitum,
1247 871 1317 918 oro·

246 963 365 1030 donem
386 962 452 1030 sinc
474 959 519 1026 ἅν
540 963 685 1028 vitiosam
704 965 818 1046 esse1).
842 965 883 1030 ut
903 964 939 1028 ut
954 962 1044 1027 buius
1059 958 1317 1044 primaeomuium

248 1069 359 1136 erroris
381 1068 493 1150 speciei
519 1067 614 1132 etiam
641 1068 753 1134 Latina
787 1069 928 1152 exempla
956 1068 1124 1152 ponantur,
1160 1083 1258 1147 neque
1283 1064 1316 1128 in

248 1173 360 1240 Lucilii
380 1173 552 1256 fragmento
575 1173 642 1255 (lib.
655 1173 802 1257 XXVII),
825 1175 905 1259 quod
926 1174 1044 1240 Nonius
1065 1192 1096 1254 p.
1108 1169 1179 1246 296,
1203 1187 1316 1250 expe·

247 1279 309 1344 dit
332 1279 476 1344 ennmans
498 1279 598 1344 utile
621 1298 720 1356 esse,
742 1281 875 1363 primum
887 1279 1100 1346 testimonium
1121 1275 1208 1358 ponit
1224 1274 1315 1358 (Ego

247 1384 344 1450 enim
371 1403 416 1448 an
439 1402 506 1465 per
533 1383 682 1462 eiciam,
717 1386 759 1450 ut
783 1405 841 1452 me
863 1405 991 1452 amere
1013 1381 1225 1466 expediam)
1252 1379 1316 1444 ulla

249 1492 297 1556 est
319 1489 489 1565 dubitatio,
523 1489 596 1572 quin
618 1490 643 1554 Ε
665 1509 720 1572 pro
741 1490 767 1553 F
789 1491 992 1558 substitutum
1015 1489 1057 1556 sit
1078 1485 1315 1572 (perficiam,

246 1597 288 1662 ut
315 1614 371 1660 me
399 1611 528 1660 amare
558 1595 754 1676 expediat,
787 1597 894 1662 relicto
920 1597 953 1662 in
973 1594 1087 1662 litteris
1110 1611 1154 1658 au
1176 1591 1315 1674 mendo),
1345 1578 1351 1586 ’

247 1719 362 1784 neque,
395 1700 468 1782 quin
489 1699 627 1766 Velleius
653 1700 835 1768 Paterculus
865 1703 907 1780 Π,
930 1703 981 1780 29,
1003 1701 1071 1766 lde
1090 1698 1144 1764 On.
1169 1698 1314 1780 Pompeio

247 1807 292 1872 sic
314 1804 484 1886 scripserit:
517 1806 720 1887 potentiae,
751 1827 826 1889 quae
847 1807 1004 1872 honoris
1027 1823 1143 1870 causa
1165 1803 1315 1868 adeum

248 1909 491 1988 deferretur,
526 1929 599 1975 non
628 1910 667 1976 vi
698 1912 744 1976 ab
771 1930 815 1976 eo
847 1913 1112 1993 occuparetur,
1139 1909 1315 1993 cupidis-

247 2017 385 2093 simus,
423 2014 478 2079 ubi
504 2015 605 2082 editur
630 2036 703 2082 non
731 2019 788 2094 ut,
823 2035 948 2101 prorsus
980 2016 1079 2080 otiosa
1112 2016 1144 2080 et
1173 2032 1317 2098 perversa

246 2121 399 2206 particula
420 2122 452 2186 et
477 2119 598 2186 sublato
621 2121 765 2188 orationis
793 2123 939 2199 artificio,
975 2120 1058 2204 quod
1084 2121 1185 2186 estin
1213 2119 1312 2186 tribus

247 2227 397 2293 centurie
417 2226 499 2290 inter
520 2244 554 2290 se
575 2225 693 2304 relatis,
714 2229 873 2294 honoris
895 2244 1012 2292 causa
1035 2226 1068 2290 et
1088 2227 1139 2304 vi,
1162 2226 1210 2292 nd
1231 2243 1314 2289 eum

243 2334 275 2397 et
296 2332 340 2396 ab
363 2349 415 2408 eo,
439 2330 659 2398 deferretur
681 2334 713 2396 et
741 2333 1004 2414 occuparetur.
1047 2331 1180 2416 Longius
1202 2329 1315 2412 serpsit

245 2457 329 2502 error
363 2435 445 2520 apud
474 2435 653 2502 Ciceronem
681 2438 714 2507 in
745 2439 881 2504 oratione
912 2437 1062 2502 dedomo
1086 2437 1135 2514 12,
1168 2437 1315 2502 obicum

245 2543 327 2608 inter
364 2559 397 2606 se
439 2542 590 2606 contraria
625 2543 780 2625 posuisset
816 2543 915 2608 illud
956 2543 1134 2608 nativum
1170 2544 1206 2608 et
1245 2541 1315 2606 hoc

246 2648 442 2714 adiectum
463 2648 621 2725 malum,
643 2648 762 2718 factum
781 2649 980 2730 estprimum
1001 2648 1215 2725 adlectum,
1236 2647 1315 2724 tum,

246 2753 327 2836 quod
341 2753 456 2818 habent
471 2753 601 2831 codices,
626 2756 661 2819 ut
681 2755 814 2832 videon,
836 2773 952 2832 omncs,
977 2753 1171 2832 delictum,
1194 2752 1315 2830 deinde,
1386 2809 1388 2816 ,

248 2858 327 2942 quod
347 2858 380 2922 in
403 2857 588 2924 editionibus
610 2859 716 2924 multis
740 2860 797 2937 est,
821 2858 1000 2926 delatum.
1043 2860 1159 2924 Verum
1180 2875 1316 2942 persaepe
1357 2887 1360 2902 ·

246 2982 305 3028 non
320 2962 457 3044 ipsarum
478 2964 652 3030 litterarum
675 2964 782 3048 figurae
803 2983 859 3046 per
882 2984 915 3030 se
936 2966 1061 3048 proptor
1081 2963 1316 3029 similitudinem

246 3070 510 3152 permutabantur,
534 3066 602 3145 sed,
624 3086 694 3133 cum
716 3070 776 3136 duo
805 3070 955 3136 vocabula
981 3069 1111 3134 totidem
1134 3069 1255 3136 litteras
1285 3070 1317 3134 et

247 3175 359 3258 praeter
391 3192 487 3238 unam
517 3175 634 3238 ceteras
668 3191 846 3240 communes
876 3176 1038 3253 baberent,
1067 3175 1153 3238 oculo
1187 3193 1247 3240 non
1282 3175 1314 3240 in

249 3298 344 3346 unum
365 3279 452 3344 illam
472 3276 611 3342 litteram
631 3278 760 3359 intento,
783 3301 819 3348 ex
835 3282 944 3346 ceteris
964 3299 1019 3362 pro
1033 3280 1180 3344 vocabulo
1203 3281 1317 3362 scripto

247 3385 378 3453 alterum
391 3383 577 3460 occurrebat,
598 3381 626 3447 si
640 3387 812 3466 praesertim
834 3386 934 3453 notius
949 3388 981 3450 et
997 3385 1098 3469 magis
1112 3385 1222 3450 tritum
1237 3387 1316 3462 erat;

252 3505 308 3552 nec
334 3487 457 3550 tantum
478 3487 628 3552 vocabula
654 3508 779 3590 prorsus
806 3492 981 3558 litterarum
1009 3510 1137 3556 numero
1159 3493 1190 3556 et
1212 3491 1317 3556 ordine

255 3609 452 3618 -ωρ--εφα

269 3657 297 3722 ¹)
316 3655 521 3710 Perversissime
552 3655 748 3712 Stallbaumius
771 3663 838 3724 (non
857 3659 1037 3729 Hermaunus)
1056 3660 1085 3713 in
1104 3659 1228 3714 Platonis
1246 3677 1268 3714 r.
1289 3675 1316 3728 p.

316 3749 353 3803 lX
362 3765 390 3818 p.
400 3751 450 3804 581
463 3749 486 3800 D
500 3747 602 3818 sprevit
619 3749 795 3806 certissimam
813 3751 920 3807 Graseri
938 3752 1152 3807 emendationem
1170 3753 1198 3804 tl
1222 3751 1317 3819 οἰώμε-

316 3846 359 3896 θα
377 3857 425 3910 pro
436 3839 582 3908 ποιώμεθα
596 3842 746 3907 scribentis,
766 3859 818 3911 quo
837 3845 926 3899 omnia
936 3848 1001 3914 apta
1010 3847 1037 3898 et
1048 3847 1121 3898 recta
1132 3844 1210 3898 fiunt.
1229 3843 1318 3898 Nimi-

316 3951 375 3988 rum
394 3932 484 3986 facilia
507 3935 534 3986 et
560 3932 692 4003 simplicia
716 3935 832 3990 sordent
878 3937 954 3992 Hauc
976 3953 1081 4006 quoque
1105 3936 1320 3992 emendationem

317 4029 380 4082 ante
406 4025 507 4080 multos
524 4041 609 4080 annos
625 4026 683 4095 ipsc
703 4025 825 4082 feceram.
