2944 4660
309 265 348 328 78
662 271 676 288 '‘
734 267 795 323 Lib.
814 268 837 322 1.

260 461 460 543 scriptoribus
493 461 631 544 exempla
662 461 769 526 differo
796 461 970 546 paulisper,
1005 463 1040 528 ut
1060 463 1093 528 id
1114 481 1219 548 genus,
1241 462 1322 546 quod

260 567 415 650 propriam
436 567 531 632 habet
551 567 691 644 ibrmam,
715 567 882 648 separatim
898 567 1063 652 attingam.

346 673 392 738 ΕΚ
414 673 477 750 his,
500 661 821 764 qnas'plcmonstrari,
840 672 1006 756 originibus
1027 675 1101 738 nata
1127 674 1322 756 interpolatio

262 778 654 862 quemadmodum-deinde
685 771 779 843 latius
811 778 958 860 serpserit
979 779 1011 842 et
1029 782 1181 862 postremo
1201 779 1233 842 in
1255 780 1322 862 qui-

263 883 393 949 busdam
426 883 579 948 codicibus
606 883 645 948 ad
675 902 830 948 summam
851 881 1009 948 licentiam
1030 886 1062 948 et
1083 884 1196 948 fedam
1218 884 1321 949 labem

264 1007 424 1073 progressa
450 989 506 1065 sit,
543 975 712 1072 generatim
744 989 991 1070 patticulatimve
1025 990 1168 1084 persequi
1200 990 1321 1066 omitto,
1350 993 1351 1000 ’

261 1097 335 1179 quia
367 1104 398 1159 et
431 1095 595 1176 multiplea
620 1093 751 1160 materia
778 1094 826 1158 est
851 1113 908 1158 nce
929 1095 1089 1177 generibus
1112 1096 1204 1160 certis
1225 1095 1324 1158 divisa

262 1205 297 1266 et
325 1201 425 1284 potius
453 1199 601 1264 incertis
629 1199 784 1263 codicibus
815 1200 961 1282 perpetuo
983 1201 1202 1266 consideranda
1229 1219 1324 1284 eaque

261 1307 446 1388 disputatio
461 1305 581 1387 seiungi
609 1323 627 1368 a
654 1303 794 1368 codicum
823 1303 991 1369 secundnm
1018 1307 1124 1372 aetates
1152 1308 1323 1390 stirpesque

264 1413 477 1477 distributione
500 1411 532 1474 et
553 1408 756 1474 estimatione
779 1410 894 1492 nequit.
936 1410 1070 1490 Tantum
1094 1411 1231 1476 dicamus
1253 1413 1324 1488 bre-

264 1519 351 1594 viter,
387 1517 476 1582 initia
508 1515 646 1599 quaedam
675 1516 707 1582 et
733 1516 870 1612 stamina*
899 1515 1156 1597 interpolationis,
1192 1518 1324 1580 maxime

172 1648 174 1652 ·
263 1623 354 1687 huius
392 1621 477 1686 tertii
513 1623 544 1686 et
584 1620 733 1704 postremi
757 1621 900 1703 generis,
934 1621 1015 1703 quod
1048 1623 1180 1704 positum
1214 1624 1262 1686 est
1292 1620 1325 1686 i'n

262 1747 358 1810 prava
385 1728 585 1810 integrorum,
613 1727 667 1792 sed
694 1726 732 1790 ob
764 1725 916 1790 inscitiam
949 1727 1004 1790 ant
1034 1727 1323 1792 inconsiderantiam

265 1853 326 1898 non
366 1833 592 1898 intellectorum
625 1832 813 1908 mutatione,
852 1831 1065 1913 antiquissima
1099 1829 1173 1898 essa'
1200 1833 1325 1914 eiusque

263 1939 392 2004 conatus
420 1939 495 2002 satis
522 1937 701 2002 temerarios
723 1937 925 2018 deprehendi,
959 1937 1013 2002 sed
1033 1957 1116 2003 raros
1139 1941 1171 2002 et
1204 1937 1325 2021 magnis

263 2043 446 2120 intervallis,
468 2061 529 2108 non
552 2044 652 2108 solum
673 2043 705 2122 ip
726 2043 950 2125 antiquissimis
970 2046 1002 2108 et
1013 2044 1179 2127 diligenter
1193 2042 1327 2124 alioquin

265 2148 471 2232 religioseque
499 2148 622 2230 scriptis
650 2147 804 2212 codicibus
827 2151 995 2214 communis
1017 2147 1153 2232 generis,
1189 2148 1273 2212 velut
1292 2148 1327 2211 in

266 2253 404 2318 Platonis
440 2252 603 2318 Oxoniensi
634 2253 741 2332 (seculi
773 2252 844 2316 noni
866 2254 1017 2336 exeuntis)
1050 2257 1081 2318 ot
1117 2253 1257 2318 Parisino
1293 2253 1344 2316 A·

264 2359 371 2441 (quem
386 2357 542 2422 Bekkerus
563 2358 616 2424 illo
639 2359 842 2456 antiquiorem
852 2358 963 2440 putat),
986 2359 1019 2422 in
1034 2357 1253 2440 Aristophanis
1261 2357 1325 2421 Ra·
1459 2419 1460 2436 ,

266 2463 408 2541 cannati,
429 2465 462 2528 in
482 2463 602 2542 Latinis
632 2463 786 2530 Ciceronis
814 2466 846 2528 et
875 2463 955 2528 Livii
976 2463 1165 2546 aliorumque
1187 2462 1326 2526 eiusdem

266 2569 386 2650 aetatis,
413 2587 473 2633 non
495 2569 546 2633 hle
567 2572 654 2644 nata,
689 2570 743 2635 sed
763 2569 910 2634 traducta·
926 2588 961 2633 en
983 2569 1131 2650 exemplis
1150 2569 1326 2650 propositis,

273 2673 327 2736 sed
350 2673 443 2737 etiam
464 2674 496 2738 in
517 2675 738 2757 palimpsestis,
759 2675 896 2756 velutin
918 2673 1113 2739 Ciceroniano
1135 2673 1172 2738 de
1199 2693 1223 2736 r.
1245 2691 1276 2754 p.
1300 2674 1326 2750 I,

268 2778 325 2854 dl,
359 2779 412 2842 ubi
444 2779 582 2844 additum
614 2799 681 2845 esse
709 2799 749 2846 eo
778 2781 929 2844 nomine
957 2779 1085 2845 ostendi·
1101 2780 1133 2843 et
1159 2779 1327 2857 editoribus

268 2873 488 2948 Turicensibus
521 2886 675 2966 persuasi,
712 2888 744 2950 et
778 2887 819 2962 Π,
857 2887 916 2963 36,Ι
948 2885 1001 2948 ubi
1031 2885 1095 2950 iam
1122 2884 1244 2976 Mosero
1277 2903 1327 2948 su·

269 2977 420 3070 spectum*
446 2989 505 3053 fnit
535 2992 743 3073 postquam
773 3010 827 3074 pro
854 2993 941 3074 post
962 2991 1120 3071 scriptum.
1167 2986 1328 3054 Nonnullis

271 3093 345 3174 locis
357 3095 627 3190 grammaticorum
639 3097 993 3182 scholiastarumqneaut
1004 3097 1133 3160 aliorum
1145 3084 1329 3176 scriptoram

268 3199 445 3264 testimonio
478 3201 603 3283 antiqua
635 3201 812 3274 huiusmodi
840 3193 1033 3284 interpolatio
1062 3200 1183 3264 codices
1210 3201 1329 3265 nostros

271 3303 376 3367 omnes
398 3304 538 3370 obsidens
564 3306 762 3384 convincitur,
783 3307 878 3385 velut,
900 3325 939 3370 ne
954 3308 1059 3388 poetas
1081 3305 1219 3370 scenicos
1235 3305 1330 3368 attin-

271 3425 353 3490 gam,
384 3408 416 3472 in
443 3408 580 3476 Platonis
609 3411 802 3495 Euthydeme
824 3432 854 3494 p.
877 3411 989 3474 2931)
1011 3402 1126 3474 ociose
1150 3412 1256 3496 λέγεις
1276 3429 1331 3492 pro

273 3514 490 3598 παταγεῑςῑ),
510 3515 708 3582 incinerans
719 3516 917 3582 Verrinamm
932 3516 1009 3580 libro
1020 3517 1045 3594 I,
1071 3517 1110 3578 39
1133 3535 1204 3582 non
1225 3515 1331 3580 modo

266 3637 433 3702 ‚ncn‘pro
469 3640 541 3686 non
574 3623 697 3696 modo,
735 3623 767 3685 et
797 3622 854 3682 141
883 3639 1014 3688 verum
1037 3622 1332 3704 auttectumpro

1108 3709 1120 3736 'l

292 3789 316 3856 ¹)
345 3791 414 3843 Miro
432 3789 532 3842 iudicio
552 3788 720 3842 Hermannus
738 3787 876 3856 scripture
902 3747 974 3855 apird
1003 3787 1189 3856 grammaticos
1213 3788 1331 3850 servata,

343 3897 422 3950 quam
447 3880 480 3934 ad
504 3877 575 3934 bane
598 3881 686 3934 locam
711 3881 843 3948 pertinere
860 3875 1333 3946 certissimescbolrum(adva’dycrg)

344 3973 519 4036 demonstrat,
538 3973 659 4041 pretulit
680 3965 894 4040 ,planissimam
915 3971 1034 4025 codicum
1052 3958 1220 4040 scriptnrtm,
1242 3969 1332 4037 idest,

345 4064 515 4118 manifestam
533 4064 777 4132 interpolationem.
