2954 4664
275 289 336 353 182
712 293 772 350 Lib.
791 295 813 350 1.

233 492 265 554 et
284 491 370 556 verbi
390 493 509 570 natura,
531 491 610 575 quod
632 491 710 558 nihil
730 511 852 576 prorsus
876 495 914 560 ab
936 495 1145 577 apertissimis·
1159 497 1290 580 putandi

233 596 334 661 verbis
357 601 491 681 separati
512 601 651 683 baberet,
675 605 707 668 et
726 599 855 664 infinitis
876 599 1060 666 testimoniis
1073 602 1118 668 sic
1131 603 1238 680 everti,
1258 603 1297 668 ut

232 703 264 766 in
288 691 495 784 'paucissimis
533 711 694 775 centrariis
732 706 913 772 consistere*
931 705 1082 788 nequiret,
1112 708 1294 790 prasertim,

233 811 355 890 praeter
370 828 480 890 unum,
513 815 647 896 pondere
676 833 809 898 prorsus.
835 811 1025 889 carentibus,
1059 811 1218 895 Sophoclis
1246 813 1301 878 Iol:

233 912 296 974 443
321 914 523 997 (δέξασθαι),
557 920 695 1006 Thucyd.
716 920 776 998 IV,
802 917 843 981 36
875 909 1111 1002 (βιάσασθαι),
1145 917 1297 984 Herodoti

233 1020 320 1099 VHI,
341 1021 382 1084 86
410 1014 641 1108 (θεήσασθαι)
667 1027 700 1090 et
728 1025 784 1102 IX,
808 1023 867 1087 109
895 1024 979 1101 (πᾶν
1006 1025 1139 1108 μᾶλλον
1170 1025 1295 1090 δοκέων

236 1127 352 1210 κείνην
380 1121 542 1213 crispose,¹
566 1131 620 1196 ubi
654 1129 848 1196 scnbsndum
879 1131 928 1194 ost
960 1130 1031 1195 πᾶν
1063 1127 1168 1214 ἄνθ),
1201 1131 1234 1194 ot
1260 1129 1300 1194 (lo

236 1233 321 1298 δοκῶ
342 1259 403 1317 μοι
423 1235 561 1300 Platonis
572 1235 841 1320 Euchyo.p.i8oo
864 1229 1153 1322 (ὑφηγήσασθαι),
1176 1235 1300 1300 Aristo·

234 1341 342 1422 phanis
365 1357 412 1405 av.
432 1340 490 1402 671
515 1345 582 1420 (καὶ
612 1341 751 1426 φιλῆσαί
772 1367 832 1426 μοι
856 1341 953 1420 δοκεῖ,
974 1343 1007 1433 id
1030 1346 1086 1421 est,
1108 1345 1144 1408 ut
1160 1341 1300 1406 chreus

236 1447 321 1523 vidit,
345 1442 409 1511 ισι
431 1449 596 1532 papam).
638 1429 751 1514 ‘onum
774 1447 836 1512 <lixi
860 1447 979 1514 empus
1000 1449 1115 1526 uses,
1143 1445 1302 1529 Euripidis

235 1553 267 1616 in
290 1551 509 1618 Oreste1527:
536 1554 663 1638 μῶρος,
686 1558 717 1618 εἰ
739 1552 849 1626 δοκεῖς
870 1579 916 1637 με
938 1554 1059 1639 τλῆναι
1082 1548 1148 1638 σήν
1171 1558 1300 1617 εσθαι·

236 1652 340 1742 prisca
363 1658 473 1743 δέρην.
520 1659 619 1740 Quem
640 1661 740 1726 locum
762 1662 798 1724 ut
819 1659 981 1725 emendare
1001 1677 1166 1744 nequeam,
1192 1659 1300 1722 temen

236 1783 314 1828 unus
335 1765 496 1853 consensui
517 1766 643 1831 rationis
672 1766 704 1829 et
729 1764 876 1848 analogiae
904 1767 936 1830 et
961 1765 1208 1850 frequentissimo
1228 1761 1301 1827 usui

236 1889 296 1936 non
317 1871 415 1954 possit
434 1871 593 1948 resistam
620 1888 720 1953 neque
748 1871 830 1936 enim
851 1871 953 1936 omnia
975 1873 1059 1936 certe
1079 1869 1193 1936 menda
1217 1868 1304 1932 certo

238 1977 332 2040 etism
359 1976 508 2060 corrigere
535 1977 616 2040 licet.
666 1976 796 2042 Audebo
825 1978 930 2042 tamen
960 1975 1166 2060 suspicionem
1191 1991 1300 2056 expro-

237 2099 334 2159 mere3
356 2099 430 2145 nam
450 2081 528 2150 mihi
543 2082 714 2164 Euripides,
737 2082 790 2165 qui
809 2094 864 2165 pro
886 2083 1006 2167 χρῆσαι
1023 2068 1121 2146 'ausus
1142 2081 1191 2146 est
1212 2080 1300 2166 χρῆν
1404 2111 1408 2116 =

238 2171 337 2252 diceie
359 2187 447 2266 (Hec.
470 2188 547 2265 260,
577 2190 613 2253 ut
639 2189 734 2272 etiam
757 2187 952 2272 Sophoclea.
969 2187 996 2252 si
1016 2186 1178 2252 Eustatbic
1200 2185 1305 2250 credi·

239 2291 368 2371 musii),
405 2291 528 2358 videtur
558 2293 639 2358 falsa
663 2293 814 2378 'analogia
840 2293 943 2383 specie
965 2293 1079 2358 ductus
1096 2292 1192 2358 etiam
1214 2291 1300 2374 σλῆσ

236 2418 291 2482 pro
317 2398 438 2481 τλῆναι
460 2398 573 2464 dixisse
595 2399 831 2483 scripsisseque:
860 2399 970 2473 δοκεῖς
991 2424 1037 2484 με
1059 2399 1144 2483 siric
1166 2391 1211 2462 ἂν
1233 2392 1302 2481 σήν

238 2499 449 2589 καθαιμάξαι
473 2503 583 2589 δέρην.
1135 2537 1136 2542 1

235 2631 241 2638 ·
303 2631 315 2650 f
337 2612 438 2676 Multa
451 2611 513 2676 ieci
527 2603 622 2676 rerba
639 2609 677 2674 de
697 2628 731 2675 re
753 2629 849 2692 parva
868 2629 925 2676 nec
945 2628 1039 2685 nova;
1062 2609 1178 2674 satisne
1199 2608 1303 2674 multe

237 2719 275 2785 ad
297 2717 506 2802 expellendum
528 2717 666 2782 veterem
688 2735 821 2782 errorem
843 2719 874 2782 et
887 2716 934 2780 'ad
954 2714 1111 2799 ignaviam
1133 2711 1300 2798 quaerendi,
1319 2699 1325 2704 ’

235 2826 394 2892 levitatem
416 2822 553 2906 fingendi
577 2839 612 2886 eu
633 2823 692 2888 hcc
714 2823 826 2888 saltem
846 2824 912 2888 loco
933 2819 1125 2905 fugandam?
1162 2865 1170 2882 r

245 2987 248 2998 .
337 2929 503 2996 Subiiciam
526 2928 677 2993 corollarii
697 2929 764 2993 loco
786 2928 896 2994 similis
911 2927 1020 2993 emona
1039 2929 1070 2991 et
1080 2922 1301 2992 inconstantiae

165 3081 167 3088 ·
237 3038 419 3121 exemplum,
440 3032 495 3097 sed
515 3050 644 3115 parvum
666 3036 698 3098 et
723 3033 788 3101 fere
815 3035 855 3099 ad
883 3053 979 3104 unum
1002 3033 1183 3116 scriptorem
1202 3028 1300 3112 perti-

236 3123 374 3220 nens,'in
396 3157 455 3223 quo
478 3138 587 3202 eadem
610 3139 818 3223 exemplorum
840 3140 1068 3225 comparatione
1090 3139 1123 3201 et
1140 3135 1301 3200 examina·

236 3251 320 3316 tione
342 3245 491 3313 utendum
514 3245 570 3308 est.
625 3245 833 3312 Notissimum
855 3248 902 3311 est
929 3245 1027 3322 enim,
1055 3243 1198 3320 (ἔτασσε,
1212 3259 1300 3304 ἐσσι

236 3355 268 3418 in
289 3351 433 3422 familiari
453 3367 594 3415 sermone
625 3355 778 3434 quaerant,
799 3351 880 3435 quid
906 3351 985 3416 alter
1013 3367 1063 3415 eos
1090 3348 1189 3412 meere
1210 3346 1304 3424 velitw

238 3459 340 3524 dicere
365 3449 500 3542 βούλει,
527 3447 722 3545 βούλεσθε,
753 3459 847 3538 εἴπω,
869 3455 982 3523 soniste
1004 3452 1197 3531 coniunctim,
1229 3469 1301 3516 reso

172 3609 173 3612 =
236 3565 381 3648 praesenti
402 3564 539 3638 subiecto
561 3569 610 3648 (ut
631 3568 663 3632 in
686 3567 825 3632 Platonis
846 3553 1070 3658 pelit.p.259D
1100 3559 1236 3644 φῶμεν,
1265 3558 1300 3622 in

262 3832 284 3902 ¹)
307 3833 427 3891 suenrus
450 3837 485 3892 as
506 3838 584 3905 vrrs,
602 3839 638 3896 se
662 3815 922 3902 assensisses,
951 3835 999 3891 uer
1026 3836 1084 3906 spes
1113 3833 1185 3886 raeco
1213 3829 1301 3886 sessa

308 3925 399 3984 ἐδόκει
416 3931 534 3998 μάλιστα
548 3931 783 4003 προσκτήσεσθαι.
803 3929 948 4000 (osp1oo
963 3929 1040 3986 scrib
1058 3927 1300 3998 κατεργάσεσθαι.)

257 4017 281 4088 ’)
299 4021 352 4091 χρή
378 4036 426 4090 pro
449 4027 519 4094 χρῆν
544 4024 754 4080 substituentem
773 4023 925 4079 Nauckium
950 4022 1031 4078 (stud.
1049 4020 1174 4092 Euripidss
1189 4021 1205 4076 I
1223 4037 1250 4090 p.
1270 4021 1300 4088 ’1)

305 4128 358 4168 non
375 4114 470 4185 probo.
