2954 4664
290 257 350 318 170
723 255 782 312 nio.
802 255 824 310 1.

247 466 369 522 σεσθαι
397 453 515 531 edidit),
541 447 773 538 μυθήσασθαι
796 453 866 530 (οᾱ.
888 453 935 530 ΙΙ,
962 451 1080 536 333)¹)‚
1113 453 1145 516 et
1174 451 1202 515 si
1227 449 1309 533 quod

245 563 346 630 simile
364 539 424 634 ‘est
447 577 507 623 uno
526 561 593 624 looo
616 552 756 625 ὀλέσθαι
778 579 832 642 pro
862 553 1017 624 ὁλεῑσθαι
1049 555 1118 634 (Od.
1150 557 1205 632 IX,
1227 557 1305 632 496;

245 687 319 734 uam
339 664 471 732 Ameisii
490 665 700 748 iuterpretab'o
720 683 815 747 prava
836 665 909 734 est).
953 663 1022 728 Duo
1037 664 1142 728 tamen
1163 663 1309 729 videntur

244 774 372 838 certiora
393 773 628 855 exemplasse
644 771 776 838 alterum
799 769 854 834 Od.
870 769 972 847 XXII,
997 771 1055 832 35:
1079 759 1104 834 d
1126 762 1239 844 adver,
1263 765 1306 834 οὔ

244 873 282 964 μ’
305 871 349 944 ἔτ’
372 870 534 962 ἐφάσκεθ’
559 871 758 962 ὑπότροπον
780 869 888 942 οἴκαδ’
916 879 1066 952 ἱκέσθαι,
1093 876 1226 940 alterum
1248 873 1305 940 Od.

244 987 298 1063 IV,
320 987 397 1048 254:
421 981 536 1068 ὤμοσα
561 979 725 1070 καρτερόν
747 979 848 1066 ὅρκου
872 977 931 1066 Μή
953 975 1026 1065 ,κήν
1047 981 1130 1066 πρὶν
1152 973 1305 1063 Ὀδυσῆα

244 1085 332 1174 ,αισα
370 1093 404 1156 Τ
401 1082 516 1173 puieoo'
540 1082 725 1173 σῖυαφῆυαι.
767 1089 814 1153 Ex
835 1089 883 1153 his
909 1087 993 1170 prius
1023 1087 1136 1152 scholia
1173 1086 1309 1168 eripiunt
1377 1106 1380 1111 ’
1473 1073 1474 1084 ¹

243 1198 401 1279 totumque
430 1214 498 1260 rem
528 1195 650 1278 egregie
690 1194 885 1270 confirmant;
920 1193 1035 1256 habeut
1069 1191 1151 1256 enim
1189 1192 1305 1258 οἴκαδε

244 1297 392 1380 κεῖσθαι,
416 1301 577 1383 antiquum
593 1302 733 1377 uerbum,
757 1299 837 1382 quod
848 1317 901 1380 pro
913 1298 1015 1362 futuro
1028 1297 1098 1379 poni
1111 1297 1306 1362 notissimum

243 1411 306 1485 est;
328 1423 381 1494 pro
400 1414 439 1473 eo
462 1425 480 1472 a
500 1405 632 1470 librariis
654 1406 809 1490 vulgarius
832 1404 1034 1470 substitutum
1063 1403 1118 1468 est.
1161 1403 1305 1468 Alterum

243 1516 417 1598 exemplum
446 1532 501 1595 per
528 1531 561 1578 se
589 1531 660 1576 saue
693 1510 908 1583 firmissimum
943 1509 1080 1585 ridetur;
1116 1508 1171 1574 sed
1202 1529 1240 1574 ne
1272 1509 1305 1572 id

243 1621 377 1703 quidem,
398 1619 436 1683 ad
457 1619 536 1684 hano
550 1617 746 1696 solitudinem
760 1617 926 1694 reductum,
942 1634 1065 1698 prorsus
1081 1613 1304 1679 dubitationem

243 1725 391 1801 eroludit3
413 1743 485 1788 uam
507 1724 651 1806 quoniam
672 1723 827 1788 Homerus
848 1741 953 1787 versus
976 1739 1068 1785 eausa
1088 1720 1124 1784 et
1141 1712 1303 1804 ὀνομήνω

242 1831 379 1911 (Ole,
402 1831 473 1906 240,
495 1829 652 1904 Iliad.ng
678 1829 747 1908 121)
770 1833 802 1894 et
826 1828 961 1912 φαείνω,
984 1827 1016 1891 id
1038 1827 1086 1890 est
1109 1825 1214 1909 φανῶ,
1230 1825 1304 1906 (Od.

241 1937 312 2014 ΧΠ,
334 1936 408 2011 383)
430 1955 485 2016 pro
507 1935 618 2000 futuris
641 1935 725 2011 dixit,
748 1935 843 1999 mixto
864 1933 1048 2000 ooniunetivi
1069 1936 1100 1998 et
1117 1931 1213 1996 futuri
1234 1947 1308 2007 usur

242 2061 303 2106 nou
335 2042 430 2106 nimis·
460 2040 557 2104 audax
591 2041 641 2117 sit,
680 2039 732 2122 qui
769 2041 942 2122 suspicetur
983 2040 1077 2108 etiam
1111 2029 1302 2122 duoprimas

242 2147 344 2212 dicere
364 2147 509 2228 potuisse.
556 2144 618 2216 Sed
638 2147 673 2208 ut
692 2146 883 2228 relinquatur
912 2165 1008 2210 uuum
1038 2145 1097 2210 hoo
1127 2143 1303 2226 ¹eriemplum

241 2254 369 2318 mutatae
391 2253 424 2316 iu
448 2250 663 2333 antiquissima
682 2251 769 2333 poesi
789 2250 919 2316 lioeuter
941 2251 1087 2334 syntaxis,
1115 2269 1176 2314 nou
1203 2249 1304 2333 magis

127 2349 132 2362 '
241 2358 275 2424 id
296 2359 335 2424 ad
356 2357 559 2423 constitutum
580 2356 693 2420 certius
715 2359 821 2438 postea
843 2374 1015 2422 sermonem
1037 2356 1191 2437 pertineat
1211 2375 1305 2439 quam

242 2464 365 2548 ἴθωμαι
387 2483 441 2546 pro
472 2463 575 2528 futuro
597 2461 741 2545 positum.
783 2463 819 2549 In
850 2461 992 2545 Sapphus
1018 2462 1191 2547 fragmento
1223 2462 1306 2545 apud

241 2571 375 2635 Dionem
396 2569 501 2653 Chrys.
529 2587 570 2632 or.
600 2565 750 2635 XXXVII
778 2568 852 2632 extr.
880 2569 979 2650 (Hp.
1008 2567 1066 2630 128
1099 2569 1139 2646 R]
1168 2587 1249 2632 nuno
1269 2567 1305 2632 L.

240 2676 417 2740 Diudortius
439 2675 654 2740 casaubonum
677 2675 800 2738 secutus
816 2666 1013 2756 μιάσισθαι
1028 2694 1083 2756 pro
1100 2668 1304 2758 μιάσασθαι

240 2782 372 2863 scripsit.
417 2781 509 2864 Apud
524 2779 693 2844 Pindarum
715 2780 820 2844 autem
837 2779 926 2846 Nem.
945 2781 1015 2858 Vll,
1032 2782 1069 2842 71
1093 2777 1201 2864 ὄρσαι,
1225 2779 1307 2864 quod

239 2877 399 2952 Disaenius
415 2907 469 2969 pro
491 2887 591 2950 futuro
614 2885 733 2968 accipit,
755 2885 904 2967 praeteriti
925 2885 1179 2970 significationem
1192 2887 1306 2952 habere

239 2993 375 3058 ostendit
404 3012 433 3056 v.
459 2995 497 3053 75
525 2992 571 3070 (εἴ
595 3019 627 3057 τι
659 2996 767 3074 πέραν
793 2983 933 3076 deodate
960 2985 1170 3076 αὐέκραγσυ).
1213 2991 1305 3073 Apud

240 3099 376 3163 saeuioos
402 3098 509 3180 poetas
535 3097 737 3179 paucissima,
764 3099 791 3163 si
824 3117 896 3162 oum
926 3079 1046 3162 infinita
1079 3097 1303 3163 eontrariorum

239 3203 325 3284 eopia
356 3206 582 3284 comparentur,
617 3204 755 3286 exempla
787 3203 970 3269 obiioiuutur
999 3205 1030 3266 et
1063 3203 1126 3270 fere
1159 3201 1302 3284 expeditu

238 3309 404 3390 perfacilia.
453 3309 551 3388 Quem
583 3310 665 3374 enim
690 3312 759 3392 post
790 3328 842 3387 ea,
875 3328 942 3392 quae
968 3308 1125 3390 disputata
1153 3309 1302 3372 haetenus

239 3415 321 3491 sunt,
343 3414 463 3496 morari
478 3415 579 3496 potest
594 3413 752 3496 Sophoclis
773 3415 888 3480 Eleotr.
910 3413 971 3476 443
994 3417 1039 3491 (εἴ
1051 3439 1103 3478 σοι
1129 3460 1185 3476 ...
1211 3412 1303 3478 δοκεῖ

143 3597 146 3607 Ι
240 3519 325 3603 Γέρα
350 3567 358 3583 .
383 3568 389 3582 .
415 3568 421 3582 .
446 3519 606 3595 δέξασθαι
630 3521 746 3598 νέκυς,
768 3521 921 3600 Hoathius
944 3521 1112 3598 δέξεσθαι)
1136 3520 1190 3584 aut
1210 3518 1302 3583 Euri-

270 3775 460 3851 ¹)1Aineisius:
482 3785 592 3852 „dorist
610 3787 678 3840 ohne
696 3786 787 3857 Bezug
804 3787 854 3840 auf
868 3787 912 3842 die
930 3787 1015 3843 netu.
1052 3787 1175 3842 Veterem
1188 3784 1303 3839 cantila-

307 3882 381 3931 uam!
417 3877 499 3931 Recta
525 3878 579 3931 ium
607 3877 763 3934 Nitzsohius
788 3879 824 3934 ad
841 3879 891 3936 0d.
910 3881 947 3946 11,
978 3883 1029 3936 198
1056 3880 1127 3949 apud
1155 3879 1302 3933 Homerum

308 3969 437 4023 eoristum
454 3969 543 4023 verbis
566 3969 680 4039 putandi
703 3970 860 4026 adiunctum
882 3973 990 4028 tautum
1016 3971 1146 4042 preteriti
1171 3971 1306 4042 signifiea-

309 4060 410 4114 tionem
428 4060 524 4116 habere
543 4061 646 4117 soribit.
