2944 4660
300 253 340 318 56
735 258 797 328 Lib,
814 261 839 316 1.

259 450 299 514 ad
316 468 425 516 nomen
440 471 499 545 non
514 467 605 521 suum
620 453 859 518 accommodatio
876 454 936 518 alio
954 399 1055 519 errore
1072 456 1162 520 aucta
1177 455 1226 518 cst
1239 453 1319 537 apud

257 555 491 639 Xenophontem
504 558 576 622 hist.
590 577 635 648 gr.
653 559 692 636 Ι·Ι,
710 561 738 635 Ξ,
753 558 784 636 8,
799 560 851 642 qui
865 579 935 624 cum
948 559 993 624 sic
1006 561 1195 642 scripsisset:
1221 565 1257 624 ἐν
1273 561 1318 644 τῷ

260 656 454 748 Ἀκαδημίᾳ
471 666 664 750 καλουμένῳ
680 665 867 750 γυμνασίῳ,
882 665 1017 746 primum
1030 665 1148 731 facum
1163 666 1211 730 est
1222 671 1262 730 ἐν
1276 666 1320 753 τῇ

258 762 464 854 Ἀκαδημίᾳ,
487 761 608 847 deinde,
630 789 701 836 oum
722 770 756 834 id
776 771 860 834 nullo
881 770 973 835 modo
995 771 1090 837 coiret
1111 791 1182 836 oum
1197 773 1321 837 καλου-

259 878 369 959 μένῳ,
399 875 503 942 addito
529 877 574 960 τῷ
596 877 739 942 effectum
764 877 813 940 est
836 882 872 941 ἐν
900 877 943 963 τῇ
976 871 1170 961 Ἀκαδημίᾳ
1193 879 1238 962 τῷ
1261 903 1321 942 κα·

261 984 413 1066 λουμίνφ
449 981 642 1066 γυμνασίῳ,
679 981 758 1064 quod
798 982 826 1046 si
857 982 929 1064 quid
946 984 1130 1068 ¹signifieat,
1168 983 1323 1068 signifieat

260 1087 362 1160 locum
380 1086 538 1170 quondam
559 1085 779 1164 Academiam,
816 1087 868 1170 qui
895 1089 1005 1171 (solus)
1031 1091 1182 1171 peculiare
1210 1107 1321 1155 nomen

259 1192 402 1262 habuerit
422 1191 590 1276 gymnasii,
612 1176 688 1270 non,
711 1193 791 1276 quod
812 1191 872 1258 dici
893 1193 995 1272 debet,
1016 1193 1094 1259 illud
1114 1193 1320 1279 gymnasium,

261 1297 342 1378 quod
363 1304 392 1374 (ο
415 1298 569 1380 pluribus)
590 1317 702 1362 nomen
716 1299 857 1364 habuerit
871 1298 1057 1370 Academia.
1074 1365 1077 1373 ,
1097 1299 1203 1364 Solum
1224 1317 1321 1382 genus

260 1404 415 1472 acaum
439 1407 486 1469 est
507 1403 593 1486 apud=
611 1402 812 1470 Plutarchum
833 1405 866 1468 in
895 1403 985 1468 Nicia
1006 1425 1032 1470 c.
1055 1405 1090 1468 4:
1126 1398 1269 1478 Τούτοις
1292 1397 1322 1474 δ’

261 1503 313 1574 ὅτι
337 1514 401 1590 μὲν
424 1503 512 1574 noli
536 1504 574 1574 τό
602 1507 690 1592 ιτρδς
715 1503 816 1583 δόξαν
846 1510 901 1575 καί
929 1511 1130 1593 φιλοτιμίαν
1163 1535 1322 1594 πανηχυ-
1451 1583 1452 1588 1

262 1609 361 1698 ρικην
381 1617 434 1680 καί
458 1609 622 1700 οίχοραῑον
646 1625 796 1689 ἔνεστιν,
827 1607 888 1679 οὐκ
911 1612 1048 1699 ἄδηλον.
1090 1615 1149 1680 Vir
1169 1617 1254 1682 racto
1273 1616 1322 1680 di·

261 1719 339 1784 citur
369 1724 423 1786 auh
457 1725 528 1804 apte
560 1723 738 1806 φιλοτιμία
774 1714 1008 1807 πανηγυρικῆς
1043 1721 1097 1805 τοᾷ
1122 1723 1171 1785 uh'
1192 1711 1322 1798 dimhrr,

260 1825 407 1892 mendum
435 1828 536 1910 arguit
567 1829 774 1904 membrorum
800 1847 861 1892 non
888 1828 989 1896 solum
1019 1829 1099 1893 mira
1119 1827 1322 1909 inequalitas,

261 1929 315 1994 sod
343 1930 437 1998 eliam
466 1933 557 2016 plana
584 1934 693 1998 vitiosa
716 1935 907 2015 compositio
935 1929 987 2010 (τὸ
1013 1929 1104 2019 ,πρός
1135 1927 1236 2009 δόξαν
1266 1934 1321 1998 καί

261 2031 422 2122 οίχοροιῑον
442 2058 497 2121 pro
525 2043 579 2105 καί
607 2035 644 2105 τό
676 2035 853 2125 οἷχοραῑον,
887 2059 1060 2123 quamqualn
1086 2041 1136 2104 vel
1163 2039 1323 2104 sichimis

260 2142 341 2206 nude
369 2145 400 2207 et
425 2145 543 2211 infinite
566 2147 684 2222 dicetur
710 2145 747 2212 τό
777 2141 865 2230 πρὸς
892 2140 1021 2224 δόξαν);
1053 2147 1217 2228 scripserat
1238 2144 1324 2208 anim

261 2247 450 2314 Plutarchus.
466 2251 551 2332 apte:
588 2245 625 2315 τδ
649 2247 735 2334 προς
764 2249 864 2327 δόξαν
891 2255 944 2318 καί
970 2252 1166 2335 φιλοτιμίαν
1196 2275 1324 2334 πανη-

261 2349 438 2439 γυρικόν
461 2357 514 2420 καὶ
538 2349 710 2442 α’γοράῑον.
749 2359 844 2423 Verbi
858 2359 967 2423 modus
988 2357 1211 2422 construetione
1231 2375 1325 2439 prave
1416 2341 1418 2349 ’

263 2461 440 2531 continuata
461 2463 504 2534 au
519 2463 692 2545 proximum
713 2463 888 2546 praecedens
903 2463 1150 2551 accommodatus
1169 2465 1230 2543 ast,
1252 2481 1324 2527 cum

264 2567 420 2632 remotiori
446 2569 626 2651 respondero
648 2571 782 2647 deberet,
804 2570 885 2653 apud
907 2569 1091 2636 Strabonem
1111 2552 1188 2633 'vin
1208 2589 1239 2650 p.
1251 2568 1325 2644 375,

262 2670 316 2736 uhi
337 2674 380 2738 sic
402 2675 598 2740 scribendum
621 2676 682 2741 est:
707 2670 933 2760 Μυρμιδόνας
955 2675 988 2741 δὲ
1012 2673 1185 2758 κληθῆναί
1207 2695 1325 2755 φασιν,

347 2775 398 2844 ὅτι
431 2774 621 2866 μυρμήκων
654 2776 784 2866 rodaco
817 2775 1018 2865 ὀρύττοντες
1050 2776 1115 2864 τήν
1151 2777 1235 2864 χῆν’
1254 2784 1325 2844 ἐπι-

265 2889 481 2980 φίροιενέτιί
512 2883 573 2961 τοίς
605 2892 749 2972 πέτρας,
783 2881 860 2954 ὥστ’
894 2895 981 2972 ἐχειν
1013 2897 1191 2972 γεωργεῖν,
1226 2888 1262 2948 ἐν
1290 2883 1326 2948 δὲ

264 3003 334 3062 τοῖς
357 2986 548 3076 ὀρύγμασιν
574 2999 735 3060 οἰκοῖεν
763 2988 960 3079 φειδόμενοι
988 2993 1164 3070 πλίνθον,
1190 3009 1253 3059 noll
1279 2995 1326 3054 οἰ-

266 3110 356 3176 κεῖνἸ
375 3102 409 3162 ut
433 3099 546 3175 editum
569 3119 667 3184 nequa
697 3102 779 3166 enirn
806 3102 861 3166 hoc
896 3099 1057 3166 consilinm
1087 3099 1153 3166 crat
1178 3099 1266 3161 tarrae
1292 3095 1327 3158 iu

211 3229 213 3234 ·
264 3223 356 3286 rupes
378 3206 590 3289 congerendas,
618 3206 674 3270 sed
695 3207 807 3283 altera,
834 3225 888 3271 cur
915 3225 933 3270 a
959 3205 1153 3268 formicarum
1181 3200 1328 3266 similitu·

267 3309 342 3374 diuo
359 3325 469 3376 nomen
492 3311 697 3395 accepissent,
726 3331 827 3376 causa.
872 3311 944 3375 Sed·
957 3310 1052 3398 traxit
1072 3309 1205 3373 scribam
1225 3305 1329 3388 proxi-

265 3435 351 3480 mum
373 3431 543 3505 γεωργοῖν.
579 3418 676 3500 Apud
687 3419 855 3483 Diodorum
868 3415 1037 3492 Sio.XVIl‚
1061 3415 1101 3477 58
1124 3413 1168 3489 (in
1190 3409 1329 3493 decomp-

266 3521 349 3586 tiona
369 3515 479 3606 pugnae
500 3523 539 3589 ad
562 3524 688 3604 Arbela)
711 3523 748 3588 de
772 3523 909 3610 curribus
931 3521 1050 3589 falcatis
1070 3520 1173 3602 inepto
1195 3518 1240 3582 roi
1264 3517 1330 3582 foa·

267 3627 313 3692 dce
334 3629 436 3694 verbis
458 3630 611 3694 variandae
633 3630 735 3695 madio
759 3629 803 3693 sic
824 3627 982 3692 scribitur:
1021 3623 1172 3707 Τοιαύτη
1196 3617 1260 3708 peip
1283 3611 1330 3704 ἦν

265 3727 287 3819 ἦ
315 3727 438 3818 α’ξτίτης
467 3738 520 3802 καί
549 3738 610 3821 βία
640 3735 709 3829 τῶν
742 3737 1017 3819 κεχαλκευμέναι(
1042 3726 1329 3817 πρδςρίἷττώλειαν

268 3837 383 3908 ὅπλων
415 3840 498 3908 ὥστε
532 3845 668 3909 πολλῶν
701 3845 766 3926 μὲν
793 3837 978 3926 βραχίονας
1007 3833 1070 3905 οδν
1103 3831 1222 3908 αὐτοῖς
1254 3847 1357 3906 ταῖς-

269 3940 410 4012 οίστιίσιν
434 3941 713 4024 α’νιοκότττεσδοιι,
736 3941 798 4014 οὐκ
821 3940 944 4034 ὀλίγον
958 3946 991 4012 δὲ
1010 3939 1195 4030 τραχήλους
1217 3965 1331 4024 παρα-

270 4046 435 4139 odoaccar
460 4057 514 4121 καλ
537 4049 598 4129 acic
621 4051 769 4138 κεφαλδς
785 4053 928 4120 πίπτειν
946 4055 1001 4118 ἐπὶ
1024 4047 1088 4136 τήν
1102 4047 1168 4136 χῆν
1182 4042 1331 4132 βλεπόν-
