3000 4668
307 234 369 296 344
727 233 788 291 nib.
808 233 861 288 111.

264 427 345 504 τούς
366 425 549 517 ’Aeacidum
578 437 608 498 εἰ
630 425 886 516 ἀμφοτέρωθεν,
902 434 1123 514 πολεμοῖντο.
1162 431 1233 496 Non
1256 450 1329 514 age·

264 535 355 605 batur
376 538 414 604 de
436 536 862 630 intercipiendis,ArcadibuS,
884 538 938 604 scd
961 538 999 602 de
1024 533 1197 614 efficiendo,
1219 538 1254 612 ut
1275 537 1329 601 dc-

264 641 409 706 sisterent
441 643 479 706 ab
500 643 584 708 Eleis
616 642 771 708 vexandis.
818 641 1026 714 .Scribendum
1052 641 1188 709 videtur:
1223 637 1329 714 οὕτως

265 741 310 812 οἶν
330 744 481 831 μάλιστα
510 740 532 810 α’
539 759 753 831 ποταμοῖν
775 745 857 820 τούς
877 740 1048 833 Ἀρκάδος
1070 745 1246 832 (fatigatum
1267 747 1328 826 iri).

342 852 431 918 vIbd.
445 854 473 930 5,
496 853 515 915 2
537 854 633 920 oratio
652 853 696 918 sie
711 849 973 936 interpungenda:
1005 856 1048 922 Τι’
1069 849 1135 941 γάρ
1158 849 1200 938 δή
1224 857 1328 918 πολε-

262 973 343 1039 ιιιῑν
363 952 456 1042 ἡμᾶς
476 955 665 1044 βούλονται
672 947 725 1046 ,fici
749 960 815 1040 (pro
836 953 951 1052 iiim*
976 985 1038 1038 -ς

363 1065 525 1142 Hellcuica
550 1065 699 1148 excipient
721 1063 793 1148 Cyri
822 1064 1035 1151 expeditionis
1062 1065 1142 1142 libri,
1164 1065 1196 1130 in
1218 1066 1327 1148 quibus

266 1189 365 1254 neque
387 1171 487 1250 multe
522 1173 554 1236 et
589 1171 734 1253 pleraque
773 1187 868 1252 parva
901 1169 1014 1234 addere
1038 1170 1131 1252 'potui
1156 1171 1327 1236 ceterorum

265 1277 356 1351 curis,
379 1277 432 1360 qui
453 1295 504 1342 cos
516 1296 612 1360 nuper
622 1274 714 1340 multi
724 1275 906 1353 tractmnt,
929 1275 1069 1341 nonnulli
1091 1275 1214 1358 quidem
1235 1277 1327 1358 paulo

266 1381 403 1448 severius
424 1385 457 1446 et
488 1382 638 1448 curiosius
661 1379 765 1446 omnia
785 1380 951 1464 exigentes.
994 1380 1139 1452 Codicum
1162 1381 1326 1446 discrimen

262 1489 354 1570 paulo
379 1488 490 1552 certius
512 1488 570 1564 cst,
591 1488 636 1552 ita
651 1487 761 1550 tamen
777 1488 813 1550 ut
827 1484 969 1552 meliores
990 1487 1102 1570 praeter
1123 1487 1223 1552 multa
1244 1505 1326 1552 com-

263 1593 370 1658 munia
390 1593 502 1684 menda
523 1596 554 1658 et
575 1591 716 1675 quaedam
737 1591 859 1674 propria
880 1593 927 1668 (ut
942 1592 980 1668 V,
1002 1593 1032 1669 7,
1055 1594 1104 1670 22,
1126 1591 1196 1668 VII,
1220 1594 1249 1672 6,
1273 1596 1326 1686 dl)

262 1700 357 1764 etiam
368 1697 636 1781 interpolationem
649 1717 738 1762 suam
759 1698 894 1763 habeant
915 1697 964 1774 (V,
988 1699 1017 1776 7,
1041 1698 1088 1788 26Ι
1101 1698 1326 1770 annotationem

262 1824 278 1868 e
300 1805 455 1888 margine,
483 1803 640 1885 scriptoris
669 1804 785 1887 aliquot
812 1803 912 1868 verbis
934 1803 1088 1881 omissis).
1120 1803 1152 1868 et
1173 1804 1259 1896 utin
1282 1823 1325 1878 co,

261 1910 562 1992 quipreeterceteros
576 1909 701 1989 eminet,
723 1908 892 1972 Parisicnsi
913 1908 960 1988 (O)
982 1909 1112 1994 vestigia
1134 1909 1198 1974 veri
1219 1929 1326 1974 rasura

260 2018 292 2079 ct
313 2015 448 2080 secunda
469 2033 578 2084 monus
601 2033 681 2098 saepe
703 2013 889 2080 subtraierit
911 2015 966 2082 aut
987 2013 1160 2080 obscurarit
1183 2016 1230 2092 [ut
1247 2015 1271 2090 Ι,
1296 2015 1331 2087 9,

262 2121 310 2196 29,
332 2119 385 2184 ubi
406 2119 491 2184 tenni
511 2119 624 2183 indicio
645 2119 822 2184 Dindorfius
845 2119 967 2206 egregie
988 2139 1061 2186 usus
1085 2122 1155 2198 est).

360 2223 427 2289 Lib.
449 2225 474 2298 I,
498 2223 528 2299 5,
553 2225 611 2287 11:
655 2217 937 2308 Ἀμφιλιξοῖντων
965 2225 1000 2292 δέ
1022 2252 1054 2290 τι
1079 2224 1232 2290 ἐνταῦθα
1256 2223 1324 2286 τῶν

260 2357 296 2396 τε
321 2333 382 2398 τοῦ
406 2335 566 2402 Μένωνος
589 2331 801 2412 στρατιωτῶν
832 2331 886 2396 καὶ
918 2333 987 2396 τών
1017 2331 1080 2396 τοῦ
1104 2323 1322 2424 Κλοιὲρχοσὸ

259 2440 431 2523 Κλέαρχος
469 2435 585 2519 κρίνας
625 2430 756 2502 ridearis
791 2431 854 2502 τόν
891 2435 953 2502 τοῦ
987 2438 1150 2521 Μένωνος
1188 2431 1324 2530 πληγας

259 2547 429 2630 massaico.
472 2543 517 2608 Eu
540 2542 616 2624 ipsis
637 2543 738 2608 verbis
761 2536 834 2619 (τόν
856 2543 919 2608 τοῦ
942 2542 1040 2622 Mic.)
1063 2543 1199 2624 apparet,
1224 2561 1323 2606 unum

258 2651 401 2716 Mencnis
426 2650 560 2716 militem
581 2665 651 2712 cum
681 2667 741 2740 unc
760 2647 900 2724 Clearchi
920 2647 1071 2731 litigasse.
1116 2647 1223 2730 Itaque
1247 2647 1323 2712 scri-

258 2751 405 2816 bendum:
429 2755 497 2818 τών
508 2755 544 2820 τέ
564 2777 636 2818 τοο
650 2743 814 2826 Μένωνος
829 2802 837 2818 .
851 2804 878 2820 ..
895 2753 1029 2820 καὶτῶν
1049 2776 1122 2818 τσο
1134 2747 1322 2838 Κλεάρχου.

257 2855 324 2924 Nec
345 2858 437 2924 nimis
460 2860 517 2926 hoc
548 2859 742 2943 ambiguum
778 2879 850 2924 nam
882 2861 987 2926 contre
1016 2859 1269 2924 consuetudinem
1290 2861 1322 2923 in

258 2962 359 3044 prima
385 2965 543 3030 mentione
573 2965 716 3030 Menenia
744 2967 776 3030 et
803 2965 945 3030 clearchi
976 2965 1021 3052 (in
1048 2965 1106 3030 hac
1136 2965 1322 3042 narratione)

257 3069 404 3134 articulus
427 3069 567 3150 additur,
596 3071 678 3135 recte
705 3071 789 3138 idem
821 3069 943 3138 additus
970 3069 1001 3134 in
1024 3071 1197 3136 narratione
1218 3071 1259 3136 ‘dc
1284 3072 1321 3136 iis

257 3175 469 3258 persequenda
492 3171 522 3254 (o‘
538 3170 738 3262 Κλέαρχος).
783 3175 906 3241 Ordinis
927 3175 1017 3240 huius
1042 3175 1124 3254 (τῶν
1146 3202 1197 3252 τις
1220 3203 1321 3262 στρα-

257 3281 412 3358 τιωτῶν),
445 3298 537 3364 quem
559 3281 734 3348 Herodotus
755 3282 943 3365 frequentet,
980 3279 1153 3362 exemplum
1186 3303 1222 3348 ex
1254 3283 1321 3368 ipsa

256 3387 382 3452 anabasi
414 3387 470 3466 (ΙΙ,
492 3389 523 3466 5,
545 3387 598 3466 3ν)
632 3391 664 3454 et
696 3388 829 3452 alterurn
858 3385 1003 3452 Isocratis
1039 3387 1126 3470 posui
1163 3393 1243 3472 synt.
1268 3388 1320 3454 Gr.

257 3493 358 3576 §218
380 3512 408 3558 a.

355 3597 423 3664 Ibd.
447 3599 477 3676 8,
499 3597 533 3662 5:
577 3589 732 3682 Ἀριαῖός
764 3623 801 3662 τε
835 3591 995 3680 δΚύροο
1024 3593 1188 3684 ὕπαρχος.
1237 3599 1321 3664 Prae-

256 3704 361 3778 fectus
376 3696 573 3790 (ὑπάρχους)
610 3703 712 3786 plures
741 3703 856 3788 Cyrum
883 3703 1028 3768 habuisse
1058 3703 1163 3780 ored03
1201 3705 1320 3772 Ariaeus

255 3809 376 3892 proprie
405 3816 620 3896 ἵππαρχος
645 3809 709 3876 fuit
740 3814 779 3886 (c.
801 3808 831 3886 9,
854 3810 911 3874 31:
934 3809 997 3874 τοῦ
1019 3811 1165 3878 ἱππικοῦ
1187 3807 1320 3898 ἅρχων),

257 3916 353 3982 etsie
375 3935 446 3980 eum
470 3918 521 3984 hic
544 3898 665 4000 quoquc
686 3915 878 3998 appellatum
900 3917 984 3998 puto.

361 4022 428 4086 Ibd.
451 4023 469 4105 ἕ
495 4023 550 4086 15:
574 4017 593 4090 ὁ
616 4021 650 4087 δὲ
674 4013 857 4105 ἐπιστήσας
880 4019 1057 4086 ιῖπο’κ.’τ.
1081 4024 1108 4086 λ.
1153 4023 1223 4088 Non
1246 4025 1320 4108 puto
