3000 4668
305 295 366 358 318
731 295 790 349 Lib.
811 296 864 350 111.

263 491 378 555 bellum
400 495 560 574 gesserunt
580 495 612 557 et
633 493 703 568 alii,
732 449 907 559 Sicilienses
928 491 989 573 ipsi
1011 491 1092 556 iirter
1112 511 1155 570 se,
1179 493 1211 556 et
1232 492 1329 556 Athe-

264 597 386 664 nienses
420 597 553 680 sociique
589 617 702 663 eorum.
761 598 947 680 Separantur
982 598 1131 662 intestina
1161 597 1329 672 ineelamm

265 702 347 766 bella
368 705 400 766 et
421 703 579 766 externum
601 702 848 767 Atheniensium.
924 721 927 728 ·

365 806 515 894 indm,
539 810 573 872 l:
596 813 628 873 ei
651 812 684 875 dt
706 803 968 892 Ἀμπρακιῶται
992 809 1046 874 ιιαλ
1069 813 1102 872 οἱ
1124 805 1233 883 ἄλλοι,
1256 801 1328 874 ὅσοι

264 917 330 997 μὲν
353 908 538 999 ἐτήγχανου
563 909 671 986 οὕτως
692 907 821 996 όθρόσι
845 905 1083 989 ξυνελθόντες,
1115 909 1158 986 οἷς
1180 921 1330 1000 ἔγνωσαν

264 1012 446 1093 α’πιόντας,
477 1016 641 1102 ὥρμησαν
663 1022 718 1084 καὶ
747 1012 844 1086 αὐτοὶ
869 1045 898 1084 ιι.
922 1046 952 1084 ν.
978 1023 1007 1084 λ.
1056 1019 1165 1103 Neque
1187 1021 1234 1086 illi
1256 1017 1328 1086 ὅσοι

265 1130 330 1207 μιν
357 1125 441 1190 aliud
471 1125 636 1206 respondet
661 1125 837 1206 partitionis
873 1125 1046 1190 membrum
1075 1145 1173 1208 neque
1199 1143 1236 1190 ex
1266 1125 1328 1190 illis

267 1227 452 1316 ἐτύγχανον
474 1223 728 1314 οὕτωςοῖθρόοι
752 1227 979 1305 ξυνελθόντες
993 1233 1077 1296 reeta
1095 1227 1248 1296 sententia
1263 1229 1330 1294 effi-

267 1337 355 1413 citur,
377 1335 568 1419 meximeque
591 1335 720 1401 effendit
742 1332 858 1409 οὕτως.
903 1337 1119 1405 scribendum:
1143 1332 1215 1400 ὅσοι
1240 1341 1330 1400 ονε,

266 1437 478 1529 τόγχανσν
501 1435 666 1517 αυτοῖς,
697 1435 821 1525 α’θρόσι
845 1437 1084 1517 ξυνελθόντες,
1109 1434 1159 1512 ὀἷς
1179 1433 1347 1525 ε”γνσισαν

268 1542 449 1626 οἷπιόνσας,
473 1543 637 1632 ὥρμησαν
660 1549 715 1612 καὶ
739 1541 837 1612 αὐτοὶ
861 1573 890 1612 ιι.
905 1573 933 1612 τ.
952 1550 981 1614 λ.
1028 1546 1228 1626 (111888θαί118,
1250 1545 1331 1610 diffi-

255 1655 382 1720 veultate
403 1654 624 1727 animadversa,
647 1653 761 1718 frustra
781 1653 929 1731 molitur.)

339 1781 341 1788 ’
367 1759 433 1827 Lib.
458 1759 508 1832 IV,
539 1761 568 1836 1,
595 1760 631 1821 2:
676 1763 711 1824 ai
739 1760 772 1824 δὲ
801 1761 883 1843 νήες
914 1756 1101 1840 Μεσσήνην
1130 1748 1332 1842 ἐφρούρουνζ

268 1867 322 1930 ιιαλ
346 1861 445 1930 ἄλλαι
469 1869 503 1929 αι’
527 1860 763 1950 πληρούμεναι
780 1867 925 1948 ὲζιιελλον
939 1857 1062 1930 αὐτόσε
1078 1855 1331 1951 ε’γκαθορμισό·

267 1995 370 2056 μεναι
405 1965 467 2034 τόν
494 1963 649 2053 πόλεμον
674 1973 841 2037 ἐντεῦθεν
868 1963 1087 2054 ποιήσεσθαι.
1132 1969 1245 2036 θυείας
1276 1969 1330 2032 ιιαλ

268 2072 367 2141 ἄλλοι
393 2070 629 2165 πληρούμεναι
653 2080 807 2161 ἔμελλον,
829 2077 951 2142 sublate
974 2082 1026 2154 αἱ,
1047 2075 1129 2160 quod
1150 2074 1332 2160 geminando

269 2185 370 2246 ortum
393 2185 449 2246 eet.
1224 2255 1234 2268 Δ

368 2286 434 2351 Ibd.
457 2286 486 2364 9,
509 2289 544 2351 3:
567 2289 659 2372 σφίσι
678 2291 709 2355 di
728 2289 791 2355 σου
806 2288 937 2372 τείχους
952 2281 1060 2374 ταύτῃ
1076 2279 1333 2356 ἀσθενεστάτου

268 2389 378 2465 ὄντος·
409 2386 663 2460 ἐπισπάσεσθαι
702 2389 830 2465 αὐτούς
868 2388 984 2479 ήγεῖτσ
1025 2386 1332 2478 προθυμήσεσθαι.

270 2497 425 2564 Conantur
454 2517 610 2578 enarrare,
637 2504 674 2565 ut
694 2501 885 2583 Kruegems‚
915 2499 1161 2564 Laeedaemonies
1190 2517 1333 2582 passuros

270 2619 393 2676 essese
415 2621 449 2667 eo
471 2605 563 2670 allici.
608 2605 670 2671 Sed
691 2625 789 2688 neque
801 2605 1026 2670 Demosthenes
1048 2605 1114 2686 ipse
1136 2603 1334 2700 Lacedaemo·

270 2710 338 2774 nies
360 2709 399 2774 ed
420 2709 522 2774 locum
543 2711 753 2776 infirmissime
773 2709 928 2775 munitum
949 2711 1071 2776 allicere
1085 2710 1216 2788 volebat,
1237 2727 1335 2791 neque

272 2816 323 2898 qui
356 2834 456 2880 errore
492 2815 594 2897 alique
629 2815 777 2888 allicitur,
815 2824 1061 2899 προθυμεῖται.
1119 2813 1334 2880 scribendum:

273 2914 559 3004 ἐπιβήσεσθαι
595 2913 722 2994 αι’τσός
750 2917 865 3007 ήγεῐτο
898 2917 1205 3004 προθυμήσεσθαι.
1254 2919 1336 2984 Satis

272 3031 346 3093 erat
373 3029 405 3092 et
437 3027 551 3091 vettius
579 3027 773 3110 ἐπιβαίνειν
803 3021 1110 3110 προθυμήσεσθαι.
1158 3025 1220 3092 Sed
1245 3027 1335 3090 notus

271 3138 322 3199 est
342 3135 394 3198 hie
415 3133 485 3216 pest
510 3131 678 3197 veluntatis
706 3133 882 3216 consiliique
912 3135 944 3198 et
971 3135 1102 3218 cognata
1128 3133 1221 3204 verba
1235 3123 1337 3196 'futuri

272 3239 415 3304 infinitivi
449 3236 529 3320 apud
562 3235 773 3319 Thueydidem
805 3259 879 3305 usus
910 3240 1077 3324 (Krueger.
1107 3237 1192 3314 adl,
1221 3237 1273 3312 27,
1308 3237 1336 3308 2,

274 3347 354 3428 synt.
377 3343 430 3409 Gr.
452 3343 469 3425 ξ
493 3343 551 3404 171
578 3347 681 3408 anot.
705 3344 748 3427 3).
1254 3337 1258 3344 ’

374 3448 441 3514 Ibd.
465 3450 515 3526 11,
537 3449 575 3512 3:
597 3442 685 3532 ὁρῶν
706 3497 714 3512 .
733 3495 765 3514 ..
789 3446 871 3522 τους
892 3441 1113 3534 τριηράρχους
1136 3447 1190 3514 καὶ
1214 3450 1338 3532 κυβερ-

275 3548 381 3638 νήτας
406 3601 414 3618 .
438 3603 446 3620 .
470 3601 477 3618 .
501 3548 742 3627 σῖποιινοὺντας
769 3557 823 3621 ιιαλ
851 3558 1133 3640 φυλασσομένους
1160 3555 1228 3622 τῶν
1250 3553 1335 3620 νεῶν

274 3659 324 3746 μή
348 3661 582 3745 ξοντριίνοσιν.
628 3661 796 3732 Genetivns
818 3681 878 3726 non
900 3661 1076 3745 expeditum
1099 3681 1172 3726 nam
1194 3659 1340 3742 partitiva

275 3766 360 3833 notio
381 3766 441 3832 hoe
461 3766 529 3833 Ιοοο
550 3787 675 3849 prorsus
695 3769 801 3850 inepte
823 3769 879 3832 est.
917 3769 997 3833 Puto
1009 3765 1221 3850 Thucydidem
1243 3766 1337 3846 serip-

276 3873 352 3938 sisse
374 3873 442 3938 τών
460 3873 551 3939 νεών
573 3868 816 3958 ειῖνιριυὶιν,
839 3891 875 3938 ex
895 3874 1011 3938 rariore
1031 3853 1222 3938 substantive
1236 3871 1338 3940 ertum

277 3995 345 4042 esse
367 3977 591 4060 ξονιρίυώοιν
612 3983 644 4046 et
665 3979 804 4045 additum
826 3973 885 4062 μή.
929 3979 1010 4056 (Nan
1031 3977 1134 4044 minus
1155 3993 1247 4060 prave
1268 3993 1339 4058 par·

278 4085 385 4150 titivus
414 4085 572 4168 genetivus
605 4085 778 4166 appellatur
803 4103 830 4150 e.
853 4085 894 4148 64
919 4085 1004 4158 init,
1041 4083 1094 4149 ubi
1121 4083 1338 4148 Hermoemtes
