3000 4668
673 1639 896 1748 urear'lu.

718 1837 804 1921 Cap.
831 1839 857 1904 I.

449 2021 453 2034 ·
538 2041 542 2046 .
612 1989 770 2052 Herodotus,
789 1953 965 2060 Thucydides.

242 2155 248 2164 ·
352 2123 377 2186 Ε
408 2141 504 2206 prosae
531 2125 678 2192 orationis
704 2127 902 2210 scriptoribus
932 2129 1096 2210 antequam
1129 2123 1315 2214 additium

256 2228 405 2307 uenimus,
418 2230 614 2314 attingendus
626 2233 684 2310 est,
699 2245 791 2316 quem
803 2233 892 2297 huius
902 2233 1075 2298 litterarum
1089 2230 1195 2316 ferma
1209 2229 1316 2298 ordine

255 2333 424 2415 principem
459 2336 552 2408 simul
587 2339 624 2404 ob
661 2339 835 2422 argumenti
870 2337 1107 2421 amplitudinem
1143 2336 1316 2420 ingeniique

256 2437 418 2504 eandorem
440 2441 472 2504 et
492 2443 677 2510 suavitatem
698 2463 879 2508 veneramur
893 2447 925 2510 at
944 2440 1112 2527 diligimus,
1133 2441 1317 2518 Herodotus,

257 2529 311 2607 sed
339 2545 535 2630 attingendus
565 2550 697 2614 tantum.
740 2549 822 2614 Nam
852 2569 921 2614 eum
951 2567 1022 2614 cum
1044 2549 1234 2631 postremum
1255 2547 1318 2632 legi

256 2668 283 2714 a.
309 2651 399 2728 1847,
420 2671 516 2735 neque
537 2653 582 2718 ita
602 2674 716 2738 magna
736 2653 813 2718 mihi
839 2653 906 2742 visa
930 2655 978 2719 est
1000 2654 1071 2737 post
1093 2671 1144 2729 ea,
1174 2671 1241 2736 quae
1263 2653 1317 2718 alii

256 2758 456 2834 correxerant
478 2759 660 2824 necessariae
681 2760 862 2824 eenieeturae
883 2759 1014 2824 materia
1034 2775 1101 2824 essa
1123 2757 1165 2840 (in
1187 2777 1245 2841 quo
1266 2777 1317 2822 me

255 2859 386 2926 fortasse
409 2863 549 2937 eeleriter
569 2865 721 2948 legantem
749 2867 781 2929 at
801 2865 913 2946 praeter
933 2883 982 2929 res
1011 2863 1052 2928 ad
1080 2864 1221 2948 syntaxin
1249 2881 1317 2928 om·

255 2967 349 3032 tionis
380 2969 546 3045 attentum¹
566 2970 705 3053 quadam
741 2969 873 3036 fumasse
900 2969 1088 3049 fefellemnt)
1115 2981 1224 3052 neque·
1242 2967 1315 3034 dum

257 3071 295 3134 ad
323 3072 531 3139 coniecturam
558 3076 590 3140 in
623 3075 738 3141 Graecis
768 3075 968 3159 scriptoribus
999 3075 1196 3139 exercendam
1227 3073 1317 3138 valde

257 3177 475 3242 eonsuetudiue
505 3179 687 3246 exercitatus
715 3201 815 3259 eram;
843 3183 876 3246 et
903 3181 1144 3246 instrumentum
1175 3177 1316 3243 criticum

257 3280 294 3344 ad
317 3283 531 3348 auctoritatem
558 3285 786 3369 ponderandam
821 3287 992 3369 indiciaque
1019 3284 1199 3350 mandarum
1228 3302 1317 3366 repa-

257 3387 363 3452 rieuda
384 3407 493 3471 parum
514 3391 648 3475 loeuples
671 3395 747 3469 arat,
770 3392 810 3458 ad
831 3390 912 3476 quod
932 3392 1039 3474 postea
1066 3409 1134 3474 quae
1162 3390 1243 3455 iaetu
1269 3391 1317 3455 est

256 3494 406 3572 accessio,
448 3496 511 3560 eius
548 3498 754 3563 examinandae
791 3497 887 3562 otium
920 3515 982 3562 nou
1011 3495 1077 3561 fuit.
1139 3497 1248 3580 Itaque
1278 3495 1317 3560 ad

257 3599 373 3680 priores
409 3599 502 3666 libres
539 3621 651 3684 pauca,
697 3604 736 3668 ad
771 3605 921 3668 extremos
964 3602 1041 3667 nihil
1075 3601 1164 3668 huius
1196 3602 1316 3686 generis

256 3706 414 3783 annotavi,
456 3717 492 3772 ex
529 3708 567 3773 iis
600 3710 720 3786 autem,
756 3728 822 3791 quae
862 3708 1019 3783 annotavi,
1055 3707 1116 3772 alia
1150 3707 1213 3772 iam
1249 3709 1316 3771 tum

256 3811 408 3892 praecepta
439 3814 527 3877 eraut
558 3815 604 3891 (ut
636 3814 666 3891 Ι,
708 3813 767 3876 106
803 3813 990 3900 ἐπίβαλλον
1024 3832 1043 3878 a
1075 3813 1222 3890 Demea),
1257 3813 1317 3876 alia

257 3917 365 3999 postea
398 3917 522 3983 inventa
554 3920 626 3983 suut
658 3921 705 3996 (ut
727 3919 775 3994 ΙΙ,
808 3920 850 3982 30
877 3920 1090 4006 Πηλουσίῃσι
1118 3915 1203 4004 ἄλλη
1230 3913 1318 4003 raeda

258 4015 433 4108 Ἀραβίων
456 4043 510 4106 pro
532 4026 765 4113 Πηλουσίῃσι,-
782 4022 866 4110 ἄλλη
894 4026 928 4092 da
950 4021 1037 4109 πρὸς
1058 4018 1132 4109 Ἀρ.
1154 4027 1186 4089 at
1207 4025 1248 4099 V,
1277 4023 1318 4086 50
