2944 4660
277 251 316 314 10
713 250 775 304 Lib.
794 249 818 302 1.

233 450 367 515 tionibus
390 448 530 512 foliorum
552 448 742 532 corrigendis
765 450 798 512 et
817 447 848 510 in
869 445 989 510 lacunis
1010 463 1154 510 versuum
1176 446 1301 509 trunca-

233 558 333 619 torum
357 554 458 636 aliquo
480 553 569 618 modo
592 555 768 618 coniectura
789 573 825 618 er
846 552 961 634 reliquo
977 552 1122 616 contextu
1134 549 1300 632 explendis.

234 662 293 726 Illa
314 661 354 724 ad
376 678 483 724 omnes
506 658 625 722 codices
647 660 781 742 pertinet
802 660 833 724 et
860 658 1012 722 latissime
1040 659 1127 738 patet
1155 657 1241 721 labes
1270 657 1303 720 et

235 766 341 830 critice
364 767 429 830 arte
452 763 592 840 eluenda,
614 767 762 846 quantum
783 765 851 830 ficri
865 763 977 846 potest,
1000 764 1057 838 est,
1081 781 1147 844 quae
1162 761 1302 843 inscrip-

233 877 303 936 tura
325 892 343 935 a
365 871 510 947 librariis,
533 869 605 934 dum
627 870 818 952 propositum
839 869 935 933 oculis
960 867 1114 950 exemplar
1124 869 1302 948 sequuntur,

234 978 342 1042 vitiata
364 976 509 1040 cernitur.
557 975 640 1040 Nam
671 975 809 1040 codicum
832 975 967 1040 dictante
989 973 1091 1038 altero
1109 973 1303 1054 scriptorum,

234 1081 452 1166 quodquidam
474 1081 635 1157 finxerunt,
659 1081 778 1145 nullum
800 1085 848 1145 est
868 1099 966 1162 neque
978 1080 1011 1142 in
1027 1077 1302 1160 subscriptionibus

234 1208 341 1271 neque,
364 1187 545 1270 quodcaput
568 1190 624 1264 est,
647 1187 678 1265 in
707 1186 828 1250 errandi
847 1185 1008 1269 generibus
1038 1183 1214 1267 vestigium,
1236 1203 1304 1266 quae

238 1294 341 1358 omnia
352 1293 487 1375 pendent
509 1293 547 1356 ab
570 1293 666 1356 oculis
690 1295 721 1356 et
743 1293 782 1356 ab
803 1291 960 1356 memorien
983 1289 1137 1372 animique
1152 1290 1193 1367 ui,
1219 1289 1303 1364 dnm,

236 1399 317 1482 quod
350 1398 432 1463 oculi
453 1397 596 1460 viderunt
618 1397 769 1462 uidisseve
792 1397 951 1472 videntur,
982 1415 1076 1460 manu
1096 1395 1304 1476 perscribitur.

235 1507 411 1589 (Apparcnt
444 1504 475 1566 in
511 1503 627 1568 Graecis
659 1503 814 1568 codicibus
847 1521 922 1570 ,rara
961 1501 1092 1584 vestigia
1125 1500 1305 1566 recentioris

237 1609 492 1694 pronuntiationis
514 1611 634 1674 vocales
658 1609 806 1691 quasdam
827 1607 1050 1683 confundentis,
1072 1608 1108 1670 ut
1128 1606 1210 1687 apud
1231 1607 1305 1669 Pla-

233 1721 338 1782 tonem
367 1715 404 1778 de
442 1715 561 1797 legibus
588 1716 635 1778 III
663 1735 692 1796 p.
721 1713 780 1776 697
815 1713 838 1777 O
870 1712 1074 1778 Schneiderus
1110 1709 1204 1788 uidit,
1248 1712 1304 1774 ἐπὶ

236 1829 282 1888 ἔτι
316 1822 465 1902 scripturn
499 1839 565 1884 esse
598 1840 652 1902 pro
686 1823 740 1884 ἐπὶ
776 1828 844 1902 ἔτη,
875 1819 956 1900 apud
988 1815 1173 1890 Pausaniam
1200 1815 1305 1880 autem

238 1928 320 2002 VIII,
349 1927 398 2002 23,
430 1927 446 1986 7
475 1926 506 1990 in
533 1927 596 1990 cod.
620 1927 690 1990 Par.
719 1927 767 1990 cst
788 1921 850 1990 dec
884 1933 932 1988 ἑτι
956 1941 1009 2005 pro
1031 1919 1093 1987 ὅσα
1118 1929 1176 2004 ἔτη
1198 1913 1306 2004 quot·

236 2033 366 2107 annis,
400 2031 480 2114 quod
512 2033 594 2096 recte
630 2032 774 2096 scribitur
806 2031 862 2107 24,
904 2031 958 2105 11;
999 2047 1106 2093 verum
1144 2028 1210 2091 haec
1246 2047 1306 2092 non

236 2137 378 2204 dictando
412 2138 478 2200 orta
510 2137 593 2214 sunt,
627 2136 682 2200 sed
703 2136 785 2220 quod
817 2136 899 2200 inter-
920 2134 1001 2199 oculi
1022 2135 1053 2197 et
1079 2152 1189 2198 manus
1212 2133 1308 2198 actic-

193 2301 196 2306 ,
235 2263 307 2308 nem
345 2242 446 2306 scriba
486 2242 637 2309 memoria
673 2241 820 2318 confudit
854 2260 921 2322 quae
962 2259 1037 2304 sono
1073 2241 1112 2303 ab
1143 2239 1211 2320 ipso
1247 2257 1309 2304 non

240 2347 516 2432 distinguebantur.
566 2347 742 2430 Eademque
754 2366 846 2412 causa
857 2347 960 2424 efficit,
972 2347 1009 2410 ut
1021 2345 1052 2408 in
1065 2344 1183 2408 Latinis
1195 2345 1310 2410 codici·

236 2456 293 2520 bus
315 2453 562 2536 frequentissime
584 2452 605 2518 b
628 2455 659 2516 et
680 2472 700 2518 v
722 2472 793 2516 cum
815 2452 899 2529 alibi,
913 2454 980 2516 tum
1001 2449 1135 2516 maxime
1152 2449 1185 2514 in
1199 2452 1310 2516 verbo·

237 2579 306 2624 rum
328 2559 593 2624 terminationibus
624 2561 837 2641 permutentur
859 2559 891 2622 et
911 2575 966 2638 pro
989 2555 1137 2620 amavit
1159 2556 1310 2622 scribetur

235 2663 396 2728 amabit
417 2666 582 2746 contraque
593 2665 644 2748 ¹).)

325 2768 479 2833 Librarius
491 2770 771 2852 Increpantomnes
784 2767 924 2833 nonnulli
944 2765 999 2842 ita,
1019 2765 1064 2843 ut,
1082 2783 1151 2828 cum
1164 2765 1309 2848 ignoran-

235 2877 319 2942 tiam
331 2876 362 2939 et
376 2877 532 2955 stuporem
544 2876 575 2938 et
586 2875 815 2960 neglegentiam
827 2892 931 2938 eorum
942 2871 1133 2956 gravissimis
1152 2871 1309 2952 proscide-

235 2981 307 3044 runt
329 2978 482 3056 conviciis
506 2980 631 3044 eosdem
643 2980 768 3045 callidos
792 2979 941 3062 quosdam
964 2977 1141 3058 astutusque
1165 2976 1308 3042 homines

254 3323 275 3392 ¹)
303 3321 388 3392 Turpi
406 3319 539 3374 oblivione
557 3319 702 3374 notissime
723 3319 762 3372 rei
781 3317 897 3372 Haasius
915 3322 990 3382 (nam
1007 3314 1162 3368 Fickertum
1179 3331 1234 3370 nou
1250 3317 1307 3370 tum

306 3415 401 3478 miror)
418 3413 448 3466 in
460 3411 565 3464 Seneca
581 3411 659 3480 epist.
679 3414 722 3472 95,
741 3413 776 3466 54
794 3410 954 3467 ecodicibus
972 3407 1075 3476 posuit:
1093 3408 1133 3460 In
1152 3423 1306 3476 superva-

304 3523 398 3562 cuum
435 3507 602 3572 praccepta
633 3503 834 3558 iactavimus
870 3494 1031 3570 (superiores
1071 3499 1130 3554 edd.
1166 3497 1306 3554 iactabi-

304 3604 396 3664 mus),
415 3597 482 3650 nisi
503 3596 593 3651 illud
611 3596 897 3664 praecesseritcct„
916 3594 1012 3646 ettoto
1028 3592 1086 3646 loco
1108 3595 1136 3646 et
1153 3591 1244 3644 futuro
1262 3605 1307 3644 ex·

304 3696 363 3746 acto
397 3689 528 3744 indicium
562 3688 724 3742 facientibus
751 3687 781 3740 id
807 3687 869 3750 dici,
889 3685 949 3755 quis
978 3687 1090 3738 euentus
1120 3684 1226 3738 futurus
1260 3683 1304 3738 sit.

305 3783 359 3839 Sed
387 3781 458 3852 apud
492 3782 619 3836 Senecam
650 3781 737 3836 multa
763 3779 854 3832 eodem
886 3777 963 3830 modo
995 3793 1081 3846 nuper
1108 3775 1305 3831 administrate.

303 3877 405 3933 Contra
431 3873 503 3942 apud
534 3873 661 3928 Senecam
691 3871 800 3926 Rhetor.
819 3887 846 3939 p.
874 3871 926 3926 134
953 3869 1014 3938 Bip.
1045 3871 1109 3936 (116
1137 3867 1237 3932 Burs),
1257 3867 1305 3922 ubi

304 3969 406 4024 editur:
426 3966 488 4020 Sed
506 3981 565 4020 neo
579 3965 641 4018 ille
654 3963 710 4016 diu
730 3961 1038 4017 declamationibus
1054 3960 1202 4024 vacabat,
1222 3975 1305 4028 pravo

302 4058 452 4129 imperfecti
470 4073 532 4121 usu,
553 4073 567 4110 e
585 4055 706 4110 codicum
725 4055 857 4124 scriptura
873 4053 1012 4108 necabit
1030 4053 1063 4106 fit
1082 4052 1230 4108 recavis.
