2954 4664
581 201 651 298 vIiibz
665 244 687 296 Ι.
940 231 944 237 ’
1092 243 1134 310 9ῖ

111 442 210 506 dicum
234 459 255 504 e
279 441 435 526 bonorum
450 441 601 538 scripture
629 408 684 536 per
705 459 737 506 se
758 457 818 506 non
850 444 1011 524 suspectu
1002 439 1175 510 incensus
1235 433 1237 440 ’

110 549 225 612 nullam
252 547 377 612 omnino
404 547 499 628 hebet
527 545 713 612 conlecturos
740 563 864 610 ceussm
890 543 1062 629 nihilque
1045 546 1175 672 tuamne

111 669 188 720 esse·
198 655 305 738 potest
323 651 573 734 αηρίαίσαίααη
571 671 651 746 quoe
678 670 714 716 er
734 619 911 734 huiusmoti
930 652 1155 720 mendie‘tnn
1072 655 1155 720 etin

110 758 367 841 terpolntu'onibus
383 757 484 822 ductes
500 757 605 822 enum
612 775 674 820 non
693 757 999 822 contemnendorum
994 757 1176 842 philologo*

110 884 196 941 rum,
220 865 308 928 velut
329 862 397 926 Nic.
420 861 557 939 Heinsii,
589 861 825 949 commentarios
842 859 986 950 implent.
1012 862 1176 941 nomnium

112 971 214 1034 entem
242 967 386 1034 codicum
414 967 651 1035 cuthenorum
677 977 828 1034 consensu
850 967 1002 1032 'enslin
1024 958 1207 1052 scriptprc'
1267 958 1277 978 “

113 1074 215 1140 mendi
230 1071 433 1151 conuincitur,
454 1072 482 1136 si
502 1090 538 1136 cx
560 1091 596 1138 en
617 1071 940 1154 creticsententisque
952 1073 1175 1150 eiusmodincn

114 1179 255 1256 efficitur,
280 1198 347 1261 quse
369 1177 511 1259 scriptori
532 1177 626 1242 tribui
640 1177 823 1268 iurepossit.
870 1177 978 1264 Neque
994 1173 1176 1262 enim3²quid
1255 1211 1257 1218 ·

114 1287 151 1350 sit
160 1303 229 1368 per·
240 1304 277 1356 se
300 1287 421 1350 rectum
444 1267 506 1348 sui
519 1281 614 1346 etism
628 1282 765 1366 elegans,
787 1283 957 1366 quaesitus·
967 1281 1032 1362 sed,
1045 1284 1118 1364 quid
1131 1283 1176 1354 lta

115 1410 179 1459 cum
210 1389 370 1470 scriptoris
397 1387 518 1472 ingenio
547 1388 579 1451 st
606 1387 824 1454 consuetudine
853 1392 886 1454 nt
904 1389 1014 1470 operis
1034 1373 1193 1467 universo·x
1269 1379 1272 1384 ’

114 1496 210 1560 forme
240 1494 407 1560 conveniet
434 1495 466 1558 et
494 1494 540 1558 ita
566 1493 651 1558 inter
670 1512 703 1558 so
726 1487 892 1572 coherent,
912 1498 957 1572 ut,
983 1494 1106 1574 etiemsi
1125 1514 1176 1560 re·

115 1601 259 1686 prehendi
282 1599 413 1664 fortasse
437 1598 543 1680 ulique
561 1615 598 1664 ex
618 1600 706 1680 perte
727 1599 840 1681 possit,
863 1602 969 1664 temen
992 1600 1030 1672 in
1045 1599 1079 1663 id
1099 1600 1175 1664 inci-

117 1705 183 1770 dere
202 1705 338 1788 scriptor
358 1703 507 1788 potuerit;
529 1703 671 1786 utquesi
686 1705 758 1786 quid
770 1705 880 1788 configi
890 1707 1038 1790 tanuem
1048 1705 1176 1774 mendo-

31 1869 32 1872 ,
118 1829 182 1876 sum
204 1809 307 1888 uelis,
343 1829 378 1874 eo
408 1808 568 1893 dirigende
589 1809 745 1876 accusatio
768 1811 830 1887 est,
862 1809 1086 1874 utabsnrdum
1108 1827 1176 1876 esse

30 1971 31 1976 ,
117 1930 342 2002 repugnansque
379 1913 462 1982 inter
496 1932 530 1978 se
567 1914 599 1978 st
628 1932 700 1978 cum
727 1915 1049 1997 proximisiostendos
1083 1918 1177 1980 sut-c

119 2021 273 2105 scriptoris
299 2022 467 2100 tempore,
498 2017 638 2102 ingenio,
670 2019 798 2086 scientie
825 2039 893 2086 esso
922 2021 1057 2086 alienum
1079 2037 1181 2103 neque

118 2127 302 2209 probabilem
316 2123 678 2211 hebereercumtioncm
699 2127 762 2202 eut,
786 2143 840 2188 cur
861 2125 1006 2198 exciderit
1027 2126 1177 2208 scriptori,

121 2232 363 2315 explicationem.
384 2279 388 2286 .
411 2227 494 2292 Nam
514 2230 615 2294 multe
636 2229 769 2312 scriptor
789 2231 845 2294 aut
865 2247 926 2296 non
948 2232 1053 2314 utiquo
1078 2232 1180 2297 melus

121 2339 281 2402 autetiam
303 2333 379 2400 olibi
402 2333 498 2398 bonus
520 2335 710 2412 rebusfalsn
732 2335 1021 2415 sententiavitiosn,
1043 2338 1180 2401 orations

120 2442 298 2507 inconcinna
328 2439 469 2524 posuisse
496 2441 600 2520 potest
627 2441 678 2523 (ne
704 2441 742 2504 oe
763 2443 853 2508 unius
875 2442 1041 2506 citeriusre
1064 2427 1181 2525 reiig-

121 2549 272 2612 norsticns
294 2548 350 2622 nst
372 2564 482 2610 errore.
494 2544 610 2628 dicem)
632 2547 687 2610 sut
706 2546 855 2612 festinans
867 2551 922 2612 sut
935 2546 1030 2610 etism
1044 2547 1181 2611 materies

122 2671 178 2716 non
199 2652 276 2740 setis
290 2670 363 2734 pur,
385 2651 471 2716 nnus
493 2650 614 2734 generis
637 2651 775 2734 exemplu
796 2653 951 2734 permulta
970 2651 1003 2716 in
1024 2650 1181 2730 Ciceronis

124 2757 158 2820 de
178 2758 369 2840 philosophie
388 2755 476 2836 libris
496 2757 599 2822 notaui
621 2756 718 2839 deque
732 2757 801 2820 tote
821 2775 855 2820 re
878 2757 939 2824 dixi
958 2757 991 2820 in
1005 2757 1181 2840 praefntione

122 2861 159 2925 nd
169 2863 260 2928 libros
272 2862 311 2926 de
321 2861 434 2926 finibus
452 2879 470 2926 s
488 2881 539 2926 me
562 2862 701 2945 (iterun)
724 2861 823 2936 editos
844 2860 1065 2944 p.LXIIsqq.,
1089 2863 1182 2943 etque

122 2966 271 3034 internum
288 2959 388 3035 etism
405 2968 535 3033 consilio
560 2985 621 3032 non
643 2983 715 3034 vene
734 2965 893 3047 scripsisse
904 2968 1096 3037 nutecnmon
1110 2983 1182 3049 esp-v

122 3073 188 3139 tens
217 3075 256 3138 in-
279 3073 393 3140 imnis
413 3072 559 3138 incidisse
586 3071 682 3154 (quud
712 3070 900 3152 aliquotiens.
922 3071 1029 3136 rlecito
1058 3071 1202 3154 occidit).

124 3177 156 3238 et
170 3177 206 3240 nb
222 3177 369 3244 orationis
390 3177 536 3242 consuete
554 3195 663 3242 norma
674 3177 848 3242 aberrasse:
863 3175 923 3240 Sed
940 3178 973 3240 et
989 3175 1042 3240 ubi
1053 3176 1190 3256 scriptun

124 3283 272 3348 sententis
291 3284 424 3362 aberrat,
441 3283 546 3348 temen
561 3284 694 3366 sppnret
712 3279 909 3354 volunteered
918 3275 1111 3362 propositum
1125 3281 1183 3344 eii-

125 3387 204 3468 qncd
222 3390 361 3468 tendens„
373 3389 531 3471 formaque
553 3406 588 3452 eo
609 3385 910 3462 numinensium,
932 3387 979 3464 et,
995 3385 1049 3450 ubi
1069 3385 1183 3468 impro-

124 3491 188 3572 prie
212 3478 349 3577 loquitur
376 3494 430 3562 aut
460 3493 685 3558 constructione
717 3472 846 3569 einins,
870 3490 957 3576 esui
977 3491 1082 3554 temen
1103 3491 1185 3554 tem-

125 3598 203 3678 poris
213 3599 436 3682 loquentium,
457 3581 547 3663 ntits
559 3599 669 3676 dicem,
692 3597 845 3684 3111111111]
868 3595 922 3684 aut
942 3611 1028 3660 novoe
1049 3595 1183 3660 notionis

127 3702 337 3785 significendae'
357 3707 411 3774 nut
431 3691 575 3770 rhetorici
597 3703 721 3768 artificii-
740 3721 833 3768 cauus
854 3705 910 3770 aut
926 3702 998 3766 lusu
1019 3702 1058 3765 sd
1078 3701 1185 3772 insoli-

126 3806 196 3870 tum
218 3810 304 3874 verbi
329 3828 420 3875 usum
452 3810 649 3891 nntpropter
670 3809 858 3892 singularem
880 3787 1022 3872 orationis
1043 3793 1196 3889 implius'

127 3911 240 3976 tionem
268 3913 308 3977 nd
330 3911 589 3986 constructionem
610 3913 791 3979 inusitatam
814 3915 846 3978 et
866 3909 1077 3992 perturbatam
1098 3912 1185 3976 dels-

128 4015 292 4082 biturnec
321 4021 425 4101 aperte
455 4019 486 4082 et
517 4019 699 4100 simpliciter
726 4018 790 4103 isgi
813 4021 845 4084 et
865 4016 933 4082 usui
955 4017 1185 4082 communiant

176 4123 435 4157 mnv1u11n„...c..‚.
970 4129 982 4173 7
