2954 4664
618 309 677 364 Lib.
696 311 718 365 Ι.
745 345 751 360 a
820 323 823 332 ’
1097 310 1157 373 125

138 527 193 576 non
225 527 308 586 raro,
345 509 399 574 ubi
418 509 512 574 libido
545 511 599 604 aut
627 501 808 582 obtrectatio
839 507 1026 592 subripuerat,
1058 513 1199 576 strenuus

138 631 296 711 pravorum
314 615 467 682 defensor.

500 955 502 962 ,
584 897 669 979 oap.
691 881 783 964 ΙΙΙ
869 965 873 974 ,

138 1047 249 1106 Nomina
268 1047 410 1116 p'ropriaa
432 1045 551 1101 librariis
570 1047 708 1101 obscurata
733 1049 760 1101 et
785 1048 892 1102 sdblatu
910 1049 1051 1111 eruuntur,
1076 1047 1198 1116 quaedam

487 1139 554 1193 falso
573 1140 664 1208 posita⁴
678 1139 831 1196 eiicientur.
993 1207 997 1222 Ι

232 1243 409 1325 Antequam
451 1241 491 1307 cd
526 1243 697 1324 simplicem
737 1243 890 1308 scribendi
928 1241 1068 1318 formem,
1105 1261 1197 1325 quarn

138 1349 208 1412 milri
231 1349 318 1412 extra
339 1349 419 1412 hunc
441 1349 573 1430 primum
605 1347 718 1412 librum
735 1347 905 1431 proposui,
937 1347 1075 1442 narseo,
1108 1348 1197 1411 utin

139 1452 631 1535 emendationibuserpromendis
653 1453 833 1536 scriptorum
855 1455 887 1518 et
903 1453 1050 1517 libromm
1062 1453 1198 1520 ordinem

138 1575 254 1639 sequar,
276 1558 449 1638 placethoc
469 1559 545 1636 loeo,
567 1577 634 1640 ques
655 1560 688 1622 in
709 1577 770 1624 uno
792 1575 903 1643 genere
920 1559 952 1621 in
975 1557 1095 1638 scriptis
1112 1556 1199 1624 Gree-

138 1678 238 1726 oornm
262 1663 295 1726 et
315 1653 496 1728 Batinomm
517 1665 687 1741 emendavi,
710 1663 895 1728 coniunctim
923 1679 1072 1744 exponere
1093 1664 1125 1725 et
1141 1661 1199 1726 sub

30 1755 32 1816 i
137 1785 228 1830 unum
256 1771 454 1850 conspectum
487 1769 652 1846 adducere,
687 1769 768 1852 qnod
800 1771 832 1833 et
866 1769 973 1833 erroris
1000 1765 1198 1832 similitudine

30 1947 31 1956 ἵ
139 1875 167 1936 et
194 1857 260 1937 eins
290 1871 520 1940 demonstrandi
544 1875 742 1958 tollendiqne'
757 1875 875 1939 ratione
900 1876 1033 1956 nogento
1051 1871 1138 1938 suirt
1167 1875 1199 1937 et

30 1967 32 2042 i
138 1978 332 2042 correctionis
355 1979 509 2044 evidentia
529 1979 592 2044 vim
614 1980 767 2062 quondam
791 1979 974 2063 singularem
996 1977 1199 2060 persuadendi

30 2113 31 2122 κ
137 2083 256 2160 labent,
291 2085 395 2166 aptain
427 2085 469 2148 ed
497 2084 590 2149 fidem
610 2086 664 2163 iis,
694 2103 760 2168 qua
795 2085 935 2167 deinceps
958 2080 1199 2176 explicabuntur,

138 2187 374 2272 praeparandam,
396 2191 427 2253 et
446 2189 526 2272 quod
547 2189 650 2255 mendi
671 2191 843 2256 occultandi
856 2189 1043 2282 rudiainitia
1055 2189 1199 2266 (maxime

137 2296 165 2358 in
184 2293 366 2366 condendis
395 2293 515 2373 litteris,
538 2291 736 2378 queeeffe'cta
766 2293 880 2392 aliqua?
898 2295 1059 2360 verborum
1096 2295 1200 2376 specie

138 2401 328 2482 supererant)
355 2401 385 2464 in
415 2401 472 2464 hoc
500 2419 715 2483 generesaepe
736 2403 880 2468 eminent.
933 2399 1004 2464 Diri
1026 2400 1106 2464 enim
1135 2400 1201 2463 iem.

30 2513 32 2526 '
138 2523 234 2588 supra,
257 2505 290 2569 ni
311 2505 410 2581 fallor,
432 2523 492 2570 non
522 2525 590 2571 raro
614 2505 782 2572 alibrariis
804 2505 928 2571 nomina
956 2505 1081 2588 proprio
1099 2504 1199 2592 homi-

30 2621 31 2688 3
137 2629 207 2674 num
239 2597 450 2692 looommque,
480 2611 575 2696 quod,
610 2613 641 2676 in
669 2613 814 2678 continua
839 2595 1009 2693 prasertim
1037 2610 1198 2691 scripture,

137 2717 240 2798 ignota
269 2717 301 2780 et
326 2735 407 2810 npva
434 2717 529 2780 oculis
557 2718 731 2800 animisque,
762 2718 1008 2782 occurrerent-et
1037 2731 1117 2797 saepe
1144 2717 1200 2780 aut

136 2825 197 2886 tota
223 2824 279 2886 aut
306 2841 341 2886 ex
366 2825 453 2903 parte
482 2821 682 2886 similitudine
708 2821 810 2904 aliqua
836 2821 964 2886 aliarum
986 2811 1094 2886 voonm
1116 2820 1198 2884 deoi-

136 2929 250 3008 perent,
273 2927 439 3009 depravata
466 2929 497 2990 et
522 2945 645 3008 prorsus
673 2929 835 2992 obscurata
856 2917 934 3004 esse,
957 2925 1197 2998 cum'eulitteris

136 3032 222 3097 unius
246 3033 417 3113 pluriumve
438 3049 555 3096 vocum
568 3032 696 3115 species,
717 3034 855 3097 adhibita
875 3033 947 3109 iere,
970 3049 1041 3097 oum
1062 3033 1196 3114 primum

137 3140 309 3202 oberratum
347 3140 442 3212 esset,
473 3136 716 3218 interpolatione,
748 3138 902 3203 interdum
924 3137 1090 3202 admodum
1116 3137 1196 3213 rudi,

136 3217 315 3308 efficeretur.
358 3243 460 3324 Atque
485 3241 659 3306 huiusmodi
681 3244 792 3306 menda
816 3243 970 3326 permulta
983 3244 1023 3308 iu
1037 3243 1195 3324 utriusque

136 3347 251 3433 linguae¹
281 3345 465 3430 scriptorum
496 3347 634 3427 operibus
670 3347 780 3432 partim
816 3347 998 3430 iampridem
1034 3367 1052 3412 e
1088 3341 1196 3430 primis

137 3453 304 3519 editoribus
347 3455 400 3516 aut
436 3452 584 3542 insecuta
605 3479 606 3486 ¹
630 3455 729 3518 etatis
770 3451 919 3529 criticis,
943 3453 1059 3538 partini
1098 3471 1196 3534 nuper

136 3560 256 3624 sublata
272 3557 361 3622 *sunt
385 3557 483 3640 (velut
512 3556 672 3622 succurrit«¹
690 3577 726 3624 ex
755 3559 811 3622 hoc
839 3575 950 3642 genere
983 3542 1093 3639 nuper
1113 3555 1195 3638 apud

135 3664 346 3749 Thucydidem
368 3663 394 3739 l,
413 3664 463 3738 61,
488 3663 507 3724 3
528 3662 705 3728 restitutum
727 3683 746 3729 a
767 3663 945 3747 Pluygersio
966 3663 1021 3727 ἐπὶ
1039 3665 1195 3747 Στρέψαν

134 3791 185 3852 pro
213 3771 492 3851 ἐπιστρέψαντες,
537 3769 617 3851 apud
648 3768 878 3851 Xenophontem
908 3768 979 3836 hisi.
1008 3767 1105 3834 Graess.
1137 3767 1194 3844 III,

136 3877 168 3952 2,
190 3877 232 3938 30
259 3894 277 3940 a
298 3875 342 3940 Ia
356 3873 514 3938 Dindorfio
537 3875 622 3945 Φέας
644 3893 699 3954 pro
722 3876 823 3958 σφέας
845 3875 876 3938 et
896 3876 954 3952 Ill,
975 3876 1010 3950 4,
1033 3875 1073 3936 20
1094 3894 1113 3939 a
1136 3873 1195 3940 (iu.

135 3982 232 4047 Tellio
255 3975 399 4047 'Adaiou
421 3999 473 4062 pro
495 3977 599 4044 ἄλλον
621 3981 721 4054 (ΔΑΙ
738 3999 792 4061 pro
809 3981 903 4062 ΛΑ),
926 3979 1006 4062 apud
1026 3975 1195 4044 Lucian‘um

134 4086 282 4154 Alexand.
301 4087 374 4150 ila
394 4079 758 4159 BurmcisieroAriemon
772 4105 825 4167 pro
842 4079 969 4164 αὐτός);
990 4085 1056 4168 ipse
1077 4093 1195 4168 quoque
