2954 4664
506 267 518 300 ι
620 239 682 294 Irib.
700 239 724 296 Ι.
1103 227 1162 292 119

148 443 198 505 καὶ
213 433 358 525 p‘Kleru‘
382 441 539 525 χαίρουσι
552 451 623 508 τοῖς
638 429 691 500 ἐπ’
705 430 851 523 α’ργαρίῳ
864 433 1121 518 διατι-θεμένοις
1142 425 1205 497 ooo

146 540 246 633 λόγον
268 547 326 624 (sio
338 536 594 636 Wyttenbeohins
615 559 670 623 pro
693 548 730 606 ἐν
747 536 821 629 α’ργ.
838 541 1091 627 διαδεχομένοις
1107 563 1137 603 τ.
1150 540 1202 620 l),

145 671 213 715 oum
251 653 333 725 haee,
348 651 506 732 inquam,
542 649 694 732 legerem,
720 633 857 714 intellexi
888 645 1108 728 annotarique,
1142 661 1203 708 non

145 749 344 840 πρόσπολον
365 755 467 819 neseio
491 773 581 837 quem
603 773 621 818 s
645 755 809 819 Plutarcho
833 755 911 818 imm
933 752 1061 817 Veneris
1083 749 1203 814 subisse

144 861 212 936 dici,
237 861 294 926 sed
314 860 471 925 hominem
493 880 529 926 er
550 859 662 924 fabulis
683 863 801 937 notum,
824 861 909 925 onius
924 858 997 948 filios
1010 855 1204 940 traderentur
1231 897 1234 914 .

143 969 249 1049 primes
278 985 406 1047 corpore
433 967 585 1048 quaestum
613 965 739 1040 lecisse;
777 965 831 1032 sed
857 965 884 1028 is
914 963 1106 1048 quiessem,
1141 978 1202 1025 non

144 1059 341 1155 reperiebem.
368 1071 448 1134 Eoos
459 1089 538 1136 anno
549 1071 620 1153 post
629 1089 699 1134 eum
712 1057 813 1135 Ovidii
825 1067 1084 1149 metamorphores
1097 1065 1203 1148 legens

143 1178 172 1242 iu
193 1176 273 1241 libro
295 1175 325 1238 X
347 1175 387 1238 ed
408 1174 461 1238 hos
480 1193 586 1238 versus
607 1175 817 1256 pervenissem
840 1175 912 1254 (238
934 1179 1033 1256 sqq.):

241 1281 321 1346 Sunt
341 1282 446 1343 temen
468 1282 616 1346 obseaenae
636 1280 787 1344 Venerem
809 1280 996 1361 Propoetides
1017 1295 1100 1345 enses

240 1405 309 1452 esse
331 1403 444 1468 negare
465 1383 571 1459 deam;
593 1405 648 1468 pro
670 1403 729 1470 qno
750 1403 816 1462 suu,
835 1384 970 1449 numinis
988 1385 1044 1461 ire,

241 1509 368 1572 oorpore
392 1509 460 1554 oum
484 1491 584 1555 forme
603 1491 712 1573 primes
736 1491 880 1574 vulgasse
901 1490 1068 1566 sommium-

143 1589 287 1662 renovatu
309 1596 468 1660 Plutarchi
490 1598 649 1674 memoria,
670 1596 763 1662 leoile
785 1598 852 1660 erat
873 1597 999 1674 videre;
1027 1592 1109 1678 opud
1130 1609 1201 1658 eum

142 1702 337 1767 scribendum
349 1719 417 1766 esse
431 1715 501 1773 ταῖς
515 1701 574 1766 zor]
591 1691 840 1785 Προποίτου
858 1694 1082 1786 θυγατράσιν,
1105 1717 1202 1782 quen·

143 1827 249 1890 quem,
278 1809 315 1872 ut
338 1808 375 1871 fit
394 1807 426 1870 in
447 1809 561 1894 talibus
582 1809 710 1886 subulis,
742 1807 823 1890 epud
844 1805 989 1872 Ovidium
1009 1807 1114 1872 Venus
1134 1805 1202 1892 ipse

142 1933 238 1995 poenee
269 1931 363 1977 oense
388 1913 578 1995 Propoetides
611 1913 650 1977 od
685 1929 795 1996 eorpus
823 1913 1009 1996 vulgandum
1041 1911 1201 1994 impulisse

141 2018 267 2096 dieitur,
301 2015 382 2098 apud
403 2018 603 2083 Plutarchum
631 2019 670 2082 ob
692 2019 852 2102 vulgatum
883 2037 991 2102 eorpus
1014 2018 1052 2082 iis
1074 2005 1204 2083 suoeens

142 2123 279 2201 suisse¹).
329 2121 362 2186 Si
387 2121 514 2188 Ovidius
536 2142 648 2190 nomen
669 2143 728 2188 non
748 2109 913 2206 posuisset,
926 2125 1053 2196 inserte
1073 2123 1105 2186 in
1125 2121 1201 2186 Plu-

28 2265 29 2268 =
142 2228 329 2293 turohi'looo
351 2227 482 2294 hereret
499 2228 650 2311 suspioio;
683 2247 781 2313 neque
804 2231 887 2296 enim
910 2230 984 2294 alibi
1003 2229 1114 2294 fabulae
1135 2241 1203 2292 me·

141 2335 269 2398 moriem
300 2351 460 2414 superesse
487 2335 575 2415 puto;
606 2353 645 2416 ne
674 2354 786 2400 nomen
818 2336 942 2418 quidem
967 2337 1069 2418 ipsum
1089 2335 1121 2398 in
1143 2325 1217 2398 alio‘

141 2440 262 2504 homine
289 2439 417 2520 reperio.
464 2438 534 2503 Non
564 2457 691 2518 nomen,
724 2442 779 2506 sed
813 2443 941 2506 verbum
974 2423 1064 2505 oe'rtte
1093 2439 1200 2520 ,forme

141 2543 265 2610 subesse
293 2561 473 2626 persuasum
500 2544 577 2609 mihi
604 2549 652 2611 eet
678 2548 759 2630 apud
786 2523 1018 2628 Xenophontem
1043 2543 1199 2629 Cyropaed.

140 2652 178 2728 11,
195 2652 228 2728 2,
254 2651 305 2726 ll,
326 2667 384 2712 neo
405 2651 510 2714 temen
531 2652 658 2733 reperio.
712 2653 794 2718 Nem
821 2649 892 2716 huie
919 2669 974 2734 per
990 2649 1201 2734 interrog-endi

139 2757 268 2840 figuram
291 2753 506 2818 affirmationi:
549 2755 592 2821 uo
614 2751 725 2823 reiro
747 2785 785 2843 ys
795 2765 807 2833 ,·
838 2733 919 2842 oie,
948 2763 978 2823 ιι
999 2760 1051 2841 μη·
1073 2757 1199 2842 petora

140 2875 252 2927 ποιεῖν
270 2861 470 2937 ἐθέλοντας
498 2860 608 2944 ignore
628 2855 750 2946 prorsus
771 2865 899 2930 relativo
920 2863 1096 2947 pronomine
1116 2860 1199 2926 idem

140 2967 331 3052 adiungitur:
354 2960 440 3051 ὑπὲρ
456 2954 497 3032 οὗ
510 2968 642 3054 λέγουσι
654 2971 761 3034 ταῦτα
774 2972 828 3036 καὶ
842 2964 1115 3050 ἀλαζονεύονται.
1136 2965 1198 3031 Sub

138 3073 234 3139 tribus
261 3073 324 3138 illis
353 3067 439 3157 ὑπὲρ
462 3062 504 3138 οὗ
533 3071 665 3160 λῖγοοσι
696 3095 791 3140 unum
818 3077 898 3160 lutet
924 3078 1052 3142 verbum
1079 3072 1199 3158 signifi·

140 3181 256 3245 satione
268 3195 340 3243 oum
357 3172 626 3258 ιῖλοζονιύισθαι
644 3183 819 3264 cognatum,
842 3184 878 3248 ut
897 3182 966 3248 hseo·
977 3183 1019 3247 sit
1036 3179 1198 3246 sententie

138 3285 247 3350 forma:
282 3285 326 3350 Ti
340 3277 452 3350 o'rttlo
472 3311 524 3372 γε,
548 3291 624 3371 ἔφη,
648 3291 679 3351 εἰ
698 3281 749 3370 μή
772 3288 899 3372 γέλωτα
922 3299 1036 3353 ποιεῖν
1058 3287 1197 3379 ἐθέλον·

139 3415 191 3463 τις
207 3381 498 3475 [τέραιολογούοι]
512 3395 619 3458 ταῦτα
632 3395 693 3458 ναῒ
703 3385 987 3484 discoperientes}
1011 3392 1071 3456 Sed
1092 3391 1195 3473 ipsum

138 3488 398 3581 ιιραιολογοῦοι
415 3495 514 3562 mains
527 3489 648 3563 ridetur
669 3483 761 3580 quem
783 3517 837 3581 pro
859 3519 892 3566 re
914 3502 946 3590 et
965 3499 1056 3580 paulo
1077 3496 1197 3581 longius

167 3750 186 3812 1)
206 3727 321 3805 subesse
339 3753 410 3822 apud
429 3739 603 3808 Pluterehum
622 3758 706 3822 poete
724 3737 845 3816 versumj
871 3737 936 3808 setis
954 3757 1045 3823 petet3
1071 3753 1117 3809 sed
1135 3770 1195 3808 eum

204 3841 321 3896 editores
340 3845 414 3899 iusto
431 3845 579 3914 longiorem
602 3845 720 3900 faciunt:
753 3850 886 3916 πρῶται.
907 3851 915 3901 .’
934 3848 1123 3910 .“νεανίσκων,
1146 3861 1195 3900 nee

206 3933 263 4001 ipse
282 3931 462 3990 ohtrliambum
476 3937 595 4007 expedio.
627 3937 731 3994 Porum
742 3955 847 4009 quoqne
866 3939 973 3994 adrem
992 3937 1195 4010 significandam

205 4028 298 4094 aptum
317 4029 424 4083 virietm
442 4033 525 4112 μίσεα
540 4033 683 4100 καταχέειν
701 4035 860 4089 νεανίσκων.
