3014 4666
292 277 353 341 284
720 277 780 332 Lin
799 281 837 334 IL

349 477 416 542 Lib.
437 477 462 552 Ι,
485 473 542 537 82ι

335 563 379 655 oio
401 574 463 648 ουίι
487 572 703 664 ἀνθρώποισι
727 576 832 644 κακόν
852 577 1021 666 μήκιστον
1043 583 1222 668 ἐπαυρεῖν,
1244 615 1247 624 ·

333 681 467 756 ὁππότε
491 681 667 764 νσῖιιείνοιις
691 680 809 778 ,Λιβύῃ
832 695 880 752 ι”νι
903 684 1125 777 ταρχύσαντο,

332 785 456 858 τόοοον
477 788 555 864 ἑιισὲς
578 785 718 878 Κόλχων
741 819 769 856 ιι.
794 821 823 858 τ.
846 797 875 858 λ.

250 898 321 964 Νοσ
343 897 458 974 dubito,
481 900 553 982 quin
575 900 682 976 verbe,
713 901 879 982 enquibns
901 900 1003 967 nullus
1025 920 1099 966 sene
1120 903 1311 968 enarratione

252 1021 359 1069 sensus
382 1003 523 1079 efficitur,
545 1007 685 1085 corrupta
708 1005 785 1076 sint:
812 1006 983 1070 remedium
1004 1026 1062 1070 non
1085 1028 1170 1092 aeque
1192 1009 1309 1074 certum

250 1111 312 1185 est3
335 1109 530 1174 scribendum
552 1111 656 1174 temen
678 1111 827 1191 suspicor:

294 1210 339 1288 ὥς
369 1209 431 1280 οιιίι
460 1208 677 1299 imponerer
713 1217 840 1281 ιιαιισὺ
871 1217 1004 1300 μῆχος
1036 1211 1081 1281 τό
1113 1211 1144 1303 γ’
1176 1210 1310 1283 deei-

1019 1348 1112 1406 ρειν
1135 1348 1163 1387 ιι.
1186 1349 1215 1388 τ.
1236 1326 1265 1388 λ.

249 1428 310 1504 (Ite
331 1425 506 1492 hominibus
529 1427 604 1490 mali
628 1425 774 1508 effugium
796 1443 856 1490 non
879 1427 927 1490 eet
949 1427 1038 1511 longe
1061 1429 1238 1510 discedere.)

347 1533 371 1609 Ι,
395 1529 455 1593 546
481 1529 675 1596 scribendum
696 1548 756 1592 uno
778 1530 924 1596 vocabulo
947 1533 977 1596 in
1001 1533 1059 1599 duo
1082 1535 1244 1600 distracto:

331 1630 485 1719 οἷτρααός
507 1631 561 1709 o‘r'c⁴
572 1639 721 1722 χλοεροῖο
746 1627 794 1698 δι’
818 1637 857 1698 εἰ
866 1635 939 1720 δομ
952 1643 1021 1723 ι’νη
1045 1641 1186 1706 σιεδιόιο.

247 1744 348 1828 Vulgo
371 1743 577 1826 διειδομένη,
599 1743 679 1825 quod
703 1740 781 1804 nihil
803 1743 861 1806 est.

347 1850 372 1926 Ι,
396 1849 456 1910 685
481 1850 531 1913 vel
553 1851 661 1914 contre
682 1847 891 1910 testimonium
904 1847 1106 1933 Etymoiogiei
1127 1851 1234 1936 magni
1253 1868 1307 1932 pro

246 1955 375 2026 berbero
397 1949 557 2038 βώσεσθε
580 1953 669 2036 (quod
688 1971 741 2036 pro
762 1950 933 2036 βιώσεσθε
952 1955 1085 2034 positum
1101 1975 1167 2022 esse
1188 1956 1306 2036 volunt)

247 2061 455 2144 reponendum
477 2059 599 2138 videtur
619 2060 748 2128 verbum
770 2058 984 2122 Homericum:

412 2167 484 2238 πῶς
505 2168 614 2248 τῆμος
635 2163 824 2251 βειέοθες
1074 2233 1077 2238 ,

348 2272 372 2347 Ι,
398 2271 469 2360 939.
513 2272 575 2337 Hie
599 2291 718 2355 quoque
740 2269 946 2347 distrahendo,
970 2290 1037 2352 quoe
1058 2271 1252 2338 coaluerunt:

442 2383 545 2463 χέρσῳ
569 2388 616 2442 ἔτι
627 2406 657 2454 ι,
680 2372 864 2461 πρηνής,
888 2378 1117 2459 καταειμένος.

245 2483 355 2548 Editur
378 2477 582 2568 ἐπισρηνής,
604 2485 684 2566 quod
705 2501 856 2566 nusquam
877 2481 1037 2564 reperitur.

344 2589 410 2668 Lib.
434 2591 476 2670 ΙΙ,
508 2590 547 2652 28
583 2590 757 2664 necessarie
790 2590 822 2653 et
856 2588 941 2652 certa
973 2586 1185 2652 emendatione
1217 2586 1308 2649 uten-

245 2691 319 2757 dum
342 2695 405 2760 est:

546 2806 601 2865 ἐστι
627 2793 655 2864 δ’
677 2797 811 2866 ὄσσεται
834 2790 959 2864 οἰόθεν
979 2796 1074 2862 οἷον·
1092 2797 1161 2878 (pr'o
1184 2795 1265 2872 οἶος)

287 2902 392 2989 ἄνδρα
416 2901 491 2980 τόν,
514 2903 552 2980 ὅς
573 2931 636 2994 μιν
659 2915 761 2978 ἔτυψε
784 2906 991 2990 παροίτατος
1013 2895 1084 2968 οὐδ’
1107 2897 1306 2988 ἐδάμασσεν.

245 3013 314 3078 Νοα
341 3013 442 3086 solue,
474 3011 529 3075 sed
559 3011 648 3077 illum
680 3029 774 3077 unum
811 3012 943 3094 speotet
975 3010 1007 3072 in
1041 3028 1110 3074 eum
1146 3026 1240 3072 unum
1274 3023 1307 3072 ee

210 3165 215 3169 -
243 3121 332 3198 totus¹
350 3116 509 3182 convertit.

343 3223 385 3300 ΙΙ,
410 3222 449 3284 79
473 3242 554 3306 sqq.:

327 3323 372 3400 οἷς
394 3321 423 3392 δ’
446 3323 503 3392 ὅτε
526 3315 609 3406 νήϊα
634 3325 738 3411 δοῦρα
761 3334 861 3398 θοοῖς
885 3319 1023 3404 α’ντίξσα
1039 3317 1194 3411 ,γόμφοις

328 3427 445 3516 α’νέρος
467 3426 649 3517 ὑληουργοὶ
675 3427 865 3517 ἐπιβλήδην
888 3427 1043 3502 ἐλάοντες

329 3541 493 3604 δείνωσιν
516 3532 695 3623 σφύρῃσιν,
721 3532 774 3603 ἐπ’
795 3537 885 3626 ἄλλῳ
908 3529 939 3604 δ’
960 3534 1061 3610 ἄλλος
1083 3533 1183 3619 οἴηται

329 3645 457 3718 δοῦπος
479 3642 576 3728 ἅδην.
926 3653 928 3660 ’

245 3750 391 3828 Verbum,
414 3749 493 3832 quod
516 3752 564 3814 est
585 3746 670 3834 ἇημι
687 3749 736 3815 vel
751 3747 873 3834 ἄημαι,
894 3749 1077 3830 Apollonius
1098 3763 1196 3829 neque
1217 3760 1307 3810 usum

246 3855 397 3920 sermonis
420 3873 551 3938 sequens
578 3873 676 3938 neque
704 3851 797 3918 ullius
819 3853 948 3920 Homeri
973 3855 1033 3920 looi
1059 3849 1308 3934 interpretatione

245 3960 391 4044 deeeptus
414 3959 452 4024 oe
474 3979 549 4026 sono
571 3961 603 4024 et
631 3959 763 4042 strepitu
789 3978 905 4041 ponere
934 3960 1050 4042 potuim
1087 3953 1237 4042 quomodo
1269 3952 1308 4016 de

244 4065 348 4130 animo
369 4065 455 4130 mooe
478 4064 592 4130 dieitur
613 4063 702 4129 mae.
724 4064 809 4138 xxi,
832 4049 903 4142 teo,
931 4064 1110 4148 poserem,
1133 4061 1203 4128 eoo.
1247 4058 1307 4122 irie
