2942 4676
635 307 696 364 Lib.
714 307 748 364 V.
1119 304 1179 368 677

161 505 355 573 scribendum
377 509 464 592 puto.
488 507 556 592 φιλ
578 499 993 590 αἰαιριιιέιιωιτώι
1015 530 1062 584 aa,
1084 505 1158 572 uto.
1170 504 1221 580 30,

162 611 338 690 3et.,o3l
361 614 435 678 let
421 611 630 689 t6.et034
653 611 682 685 3,
704 611 982 688 o.,:atuem327
996 608 1223 726 &seldenus

162 711 269 800 αυλὴς
292 723 358 800 (pro
382 715 521 795 ἐξολῶν)

565 961 567 968 ’
615 993 699 1076 oop.
722 995 768 1058 11.

618 1145 760 1201 Lucienus.

258 1283 387 1356 Lnoiani
419 1281 545 1366 scripta,
567 1283 599 1348 et
632 1302 699 1368 quae
728 1265 788 1348 ¹sub
820 1281 898 1348 eius·
920 1301 1032 1348 nomon
1062 1301 1163 1350 errore
1191 1285 1223 1348 et

156 1389 280 1472 propter
312 1386 545 1454 similitudinem
581 1387 733 1472 quandam
773 1389 805 1452 ot
840 1377 1046 1454 imitationem
1083 1385 1222 1454 subiecta

157 1495 242 1572 sunt,
278 1493 424 1560 nonnulla
444 1493 577 1576 quidem,
599 1493 675 1560 satis
699 1495 730 1558 ot
751 1510 861 1578 genere
883 1493 915 1556 et
947 1494 1038 1560 aetate
1068 1495 1220 1576 separata,

157 1618 228 1664 oum
263 1599 408 1684 pleraque
438 1597 614 1664 adolescens
648 1597 866 1682 perlegissem,
896 1599 1042 1666 nonnulla
1075 1599 1221 1680 studiose,

154 1705 227 1788 post
249 1704 377 1788 longum
408 1703 607 1770 interuallum
644 1702 780 1794 relegare
811 1704 898 1788 coepi,
931 1721 1002 1774 oum
1035 1705 1068 1768 in
1100 1703 1222 1788 syntaxi

156 1809 265 1876 Graan
286 1808 493 1891 componenda
514 1811 678 1890 oooupatus
693 1807 871 1892 diligentius
893 1810 1089 1894 inquirerem,
1112 1827 1219 1892 quem·

155 1913 322 1980 admodum
350 1915 466 1980 sensim
496 1915 639 1979 evetere
658 1932 730 1988 ,usu
761 1912 948 1980 declinatum
972 1915 1056 1982 esset
1087 1913 1219 1998 quidque

153 2020 226 2102 ipsi,
247 2021 300 2104 qui
321 2019 428 2104 primis
449 2022 521 2102 post
542 2019 698 2085 Christum
729 2021 838 2086 natum
859 2021 972 2086 seoulis
993 2019 1132 2084 Atticam
1154 2017 1218 2083 ele-

153 2125 293 2210 gantiam
331 2123 481 2190 imitando
513 2142 678 2190 renovare
675 2123 792 2189 eonati
825 2125 935 2200 essent,
969 2123 1078 2190 novitii
1114 2124 1219 2188 tamen

153 2230 487 2296 intermiscuissentot
508 2229 616 2305 alieni,
650 2229 859 2328 paulatimque
886 2229 1002 2296 absolvi
1027 2232 1138 2330 praeter
1158 2229 1220 2294 mi-

154 2337 244 2401 nutos
265 2335 386 2402 libellos
408 2336 440 2402 et
461 2335 513 2420 qui
543 2335 647 2418 aliqua
676 2335 714 2399 de
752 2351 846 2400 eausa
866 2334 970 2399 minus
991 2333 1031 2399 ad
1052 2319 1219 2420 legendnm

153 2440 341 2506 autsaltem
364 2439 608 2506 admonendum
639 2438 822 2505 invitabant
867 2436 919 2502 Ad
945 2439 1105 2524 exiguum,
1138 2438 1219 2523 quod

154 2545 229 2612 olim
256 2545 295 2610 ad
322 2545 466 2616 orationis
494 2544 587 2610 fidem
609 2544 789 2628 exigendam
821 2546 963 2628 peratum
986 2547 1067 2622 erat,
1101 2545 1218 2636 instru-

153 2653 294 2714 mentum
315 2649 454 2716 oodioum
475 2668 573 2734 neque
594 2649 763 2714 multorum
781 2668 878 2734 neque
899 2650 1095 2732 antiquorum
1118 2664 1218 2730 neque

152 2755 317 2844 diligenter
338 2756 369 2821 et
388 2755 479 2838 plene
508 2755 686 2842 collatorum
712 2773 809 2838 nuper
829 2753 912 2820 faeta
932 2758 980 2821 est
1001 2753 1135 2820 aooessio
1157 2769 1217 2816 non

151 2877 247 2942 parva
267 2859 407 2926 oodioum
424 2861 556 2926 maxime
578 2859 764 2926 Gorlioonsis
786 2859 830 2942 (A
851 2858 933 2944 apud
953 2857 1163 2936 Iaoobitzium)
1186 2858 1219 2920 et
1336 2854 1339 2863 “

152 2965 399 3032 vindobonensis
422 2967 477 3049 (B)
499 2983 672 3048 eorumque,
695 2983 762 3048 qua
775 2964 1053 3031 Sommerbrodtius
1076 2959 1216 3027 eeodioe

45 3059 54 3074 ⁸
151 3069 308 3136 Marciano
341 3090 373 3136 ιι,
403 3072 469 3134 434
501 3078 553 3150 (-
584 3090 657 3136 nam
689 3069 784 3134 aeteri
815 3069 966 3136 Marciani
999 3069 1114 3154 exigua
1145 3087 1216 3133 aue-

151 3176 287 3242 toritatis
321 3177 452 3242 sunt-
416 3177 637 3260 -)eroerpsit
645 3177 682 3254 ¹)
737 3173 799 3242 Sed
829 3193 927 3258 neque
949 3173 1057 3240 eadem
1079 3174 1216 3240 omniurn

150 3279 325 3370 libellorum
347 3280 554 3346 oondioiot
506 3283 563 3355 est,
586 3281 642 3346 sed
661 3299 720 3345 non
735 3299 828 3364 parvo
849 3279 957 3368 melior
977 3279 1117 3343 uniuerso
1129 3296 1216 3360 speo-

151 3385 233 3452 tanti
254 3397 373 3462 eorum,
392 3386 444 3468 qui
464 3379 577 3450 librum
592 3386 630 3452 de
653 3387 716 3451 hist
702 3385 781 3451 toria
795 3361 1013 3452 ιοιιοοιιιιοιιιιι
1026 3382 1205 3468 praeoedunt
1206 3431 1214 3459 ,

152 3489 284 3555 deterior
304 3491 367 3558 fere
388 3492 568 3568 ceterorum,
590 3491 782 3574 maximeque
804 3489 1020 3556 nonnullorum
1047 3489 1094 3568 (ut
1125 3487 1215 3552 huius

150 3594 247 3676 ipsius
278 3594 316 3660 do
348 3595 490 3674 historia,
522 3595 732 3678 tyrannicida,
758 3595 939 3672 Alexandri,
974 3593 1117 3678 parasiti,
1145 3591 1214 3682 adv.

151 3699 323 3774 indoctum,
346 3699 383 3766 de
411 3700 594 3784 calumnia),
616 3720 672 3766 neo
694 3699 733 3765 ad
761 3703 867 3786 gravia
890 3699 1068 3782 etantiqua
1091 3698 1213 3775 menda,

188 3993 211 4056 ¹)
230 3991 342 4047 Luciani
362 3991 482 4046 oodioum
500 3991 695 4047 Marianorum
714 3993 840 4048 lectiones
858 3993 945 4049 edidit
963 3990 983 4050 1.
1006 3993 1213 4050 Summerbrodt.

223 4081 342 4138 Berolini
361 4088 439 4141 1861.
