3014 4666
302 251 362 319 192
726 253 785 310 Lib.
804 255 843 319 ΙΙἸ

500 447 743 536 δυσδαιμόνων
758 453 794 518 δὲ
814 452 918 528 uiuae,
940 459 985 529 οἳ,
1008 447 1058 538 δή,

392 582 396 606 ⁴
499 553 544 624 οἷ’
565 552 627 644 tyni
649 560 835 646 μσμσῦσινς

358 663 469 732 manee
495 667 567 735 eunt
598 667 745 751 ambages
770 665 803 730 in
827 665 896 732 illis
913 665 1016 743 viane,
1048 672 1087 732 οἴ
1114 682 1172 732 nee
1193 665 1323 745 Graeeae;

258 785 357 854 neque
393 771 495 850 enim,
528 791 600 838 eum
632 772 738 840 Graeoe
769 772 991 857 interrogetur,
1032 773 1113 838 sitne
1151 772 1324 858 quisquam,

259 875 311 959 qui
348 877 501 958 petatur,
533 879 578 947 sie
610 877 832 962 interrogatur:
864 879 932 954 oio,
965 874 1014 952 ὅς,
1048 878 1102 959 sed
1122 883 1233 969 Ιἔστιν,
1266 875 1321 957 ὅςς

148 986 153 998 “
258 981 468 1062 scribendum,
513 984 600 1050 nulla
636 983 742 1050 littera
782 984 919 1050 mutate:
953 977 1193 1069 δυσδαιμόνων
1232 985 1324 1060 eleae

257 1081 315 1163 οἷ’,
350 1083 400 1173 δή,
434 1083 477 1154 οἷ’
511 1084 573 1178 ἐγώ
608 1090 796 1176 ueroeam
832 1091 868 1155 ut
899 1089 1035 1174 gravies
1069 1088 1123 1157 οἷα
1161 1092 1324 1158 interiecta

257 1196 478 1262 exclamatione
500 1196 680 1280 geminetur.
689 1196 713 1274 ι)
732 1259 742 1290 x

180 1379 182 1388 A
356 1301 423 1366 Ibd.
445 1302 506 1364 848
527 1301 728 1370 Prometheus
749 1301 882 1384 permira
908 1301 959 1378 Io,
992 1319 1062 1368 eum
1094 1302 1134 1368 ed
1155 1303 1221 1368 Nili
1242 1299 1323 1372 ostia

256 1407 430 1486 evenenerit,
453 1407 580 1472 rationis
601 1425 706 1474 rursus
722 1408 896 1493 eempotem
928 1407 993 1474 fore
1020 1406 1098 1474 dieit
1125 1410 1206 1476 Ievis
1227 1429 1323 1476 manu

255 1516 376 1580 tentum
399 1501 533 1578 tasum:
935 1577 941 1597 x
1255 1501 1258 1505 ’

382 1620 545 1686 ἐνταῦθα
568 1614 610 1704 δή
632 1643 669 1684 σι
696 1612 790 1691 Ζσδς
811 1619 953 1703 τίθησιν
982 1626 1138 1705 ὲζιιφρσνα

388 1725 527 1809 ἐπαφῶν
549 1717 694 1809 α’ταρβεῑ
714 1726 797 1810 χειρὶ
821 1727 875 1790 καὶ
899 1720 1012 1811 θιγών
1024 1719 1147 1809 μόνον.

255 1829 335 1896 Nam
360 1831 488 1896 rationis
517 1849 576 1896 usu
608 1849 765 1915 nunquam
798 1832 853 1896 eut
873 1834 945 1898 unte
966 1833 1001 1898 Ie
1034 1833 1176 1898 euenerat
1208 1831 1263 1896 eut
1287 1830 1321 1894 in

255 1937 310 2002 hoe
332 1955 401 2002 enm
422 1937 605 2004 Prometheo
626 1939 775 2021 ‚eolloquio
798 1939 987 2015 eeret31neo
1013 1938 1116 2004 minus
1148 1936 1226 2004 mne
1247 1933 1321 2001 huie

254 2042 466 2126 recuperandae
489 2045 576 2108 taetu
596 2044 678 2110 Ievis
710 2041 836 2110 rationis
857 2043 1007 2110 nonnoni
1029 2044 1233 2110 subiiciuntur
1254 2043 1321 2108 haee

254 2149 291 2214 de
322 2148 386 2216 fflio
411 2146 578 2214 nascituro:
971 2203 977 2210 .

428 2247 640 2341 Ἐνιιόναμσν
665 2257 699 2322 δὲ
721 2255 789 2320 τών
813 2249 900 2328 Aede
917 2248 1143 2340 γεννημάσων

423 2363 526 2437 τέξεις
548 2357 706 2428 antecede
723 2359 901 2445 Ἔπαφον,

254 2465 290 2528 nt
309 2483 418 2532 nemen
442 2467 499 2532 filii
513 2467 664 2551 pertineat
675 2487 735 2534 nen
746 2468 786 2534 ed
800 2463 983 2534 memoriam
996 2462 1062 2530 eine
1072 2464 1185 2540 tentus,
1208 2479 1318 2544 exque

253 2569 319 2652 ipse
340 2557 427 2646 ortus
448 2574 499 2651 sit,
525 2575 581 2640 sod
598 2575 637 2640 ad
660 2575 734 2649 eius,
762 2593 820 2657 que
839 2568 1173 2638 mensmetrireddita.
1209 2569 1318 2650 ltaque

254 2675 335 2756 qued
355 2676 422 2742 haee
454 2697 512 2744 nen
535 2681 706 2756 oehaerent,
735 2677 902 2746 Elmsleius
936 2678 969 2742 et
994 2673 1171 2740 Dindenius
1204 2693 1232 2740 v.
1255 2673 1316 2738 849

253 2781 419 2848 violenter
436 2787 469 2850 et
504 2786 570 2852 sine
605 2786 685 2863 ulla,
728 2804 795 2868 quae
829 2785 861 2850 in
897 2784 964 2866 ipse
1000 2800 1091 2848 versu
1125 2780 1181 2859 sie,
1225 2797 1318 2844 eausa

254 2885 394 2964 eiieiunt,
437 2883 634 2958 Hermannus
675 2891 756 2956 inter
797 2889 859 2954 848
902 2891 934 2954 et
979 2888 1041 2952 849
1084 2885 1199 2968 aliquid
1235 2884 1317 2950 exei-

253 2989 334 3056 disse
360 2985 461 3074 putat.
515 2995 692 3060 Dindorfius
719 2995 858 3078 quidem,
890 2994 943 3060 ille
964 3012 1056 3062 versu
1080 2991 1184 3068 eieete
1213 2990 1317 3056 taetus

252 3099 450 3178 mentionem,
473 3117 540 3182 quae
563 3101 670 3166 ebesse
698 3102 823 3184 propter
845 3092 1029 3180 ἐπώνυμον
1062 3097 1217 3179 ettotam
1244 3113 1316 3160 sen-

251 3203 380 3270 tentiam
405 3205 522 3290 nequit,
544 3205 708 3272 Wieseiori
729 3205 900 3270 eonieotnra
923 3193 1074 3290 (γέννημ’
1097 3196 1208 3287 ἁφῶν)
1228 3203 1316 3286 post·

251 3307 368 3374 iiminie
389 3312 534 3378 restituit.
577 3311 676 3378 Reate
697 3311 800 3376 omnia
820 3312 917 3389 erunt,
940 3309 967 3376 si
986 3327 1042 3392 pro
1062 3308 1166 3392 inepta
1188 3307 1314 3373 rationis

251 3414 405 3480 mentione
426 3417 674 3483 substituerimus
696 3417 899 3484 neeessariam
928 3416 961 3480 et
980 3413 1096 3480 rentem
1118 3413 1314 3498 granditatis

250 3519 313 3584 soie
340 3522 425 3588 taetu
457 3522 639 3602 efficiendae,
669 3523 755 3589 euius
791 3523 836 3588 rei
865 3522 897 3588 in
930 3519 993 3586 filio
1026 3521 1099 3586 nato
1133 3519 1313 3586 memoriam

250 3697 448 3710 *ιιι-

275 3791 298 3858 ¹)
316 3809 340 3848 r.
360 3795 412 3851 770
430 3793 600 3850 Hermannus
617 3795 687 3852 vidit
713 3795 873 3865 scripturam
902 3791 1001 3848 codicis
1020 3790 1134 3847 Medieei
1152 3788 1313 3860 simpliciter

318 3887 512 3944 restituendam
531 3904 588 3943 esse
611 3887 656 3956 (αδ
674 3889 753 3956 δῆτα,
773 3886 844 3956 etio
865 3885 940 3956 ἔγωγ’
959 3881 995 3940 δι
1014 3883 1044 3941 ἐκ
1063 3881 1171 3953 δεσμῶν
1195 3883 1312 3949 λυθείς).

318 3979 408 4054 Negat
426 3980 601 4036 Prometheus
619 3980 693 4036 alind
711 3995 767 4034 esse
790 3977 902 4048 perieuli
919 3977 1058 4034 avertendi
1081 3975 1212 4032 auxilium
1231 3989 1313 4044 quem

319 4085 346 4124 se
363 4069 452 4139 ipsum
469 4073 566 4128 vinclis
584 4070 728 4144 aliquando
746 4070 872 4126 solutum.
