2954 4664
520 323 523 330 .
641 276 743 354 mer.
1117 281 1169 362 Ι95

148 473 396 539 testimoniorum
414 472 446 538 in
459 471 591 542 ‘scholiis
615 477 646 542 et
667 477 747 560 apud
761 475 978 562 grammaticos
1000 475 1134 560 aliosque
1155 477 1213 554 vis,

149 577 223 660 quid
244 578 418 660 antiquitus
438 579 555 646 loetum
575 581 676 658 fuerit,
699 581 937 660 ostendentium,
958 582 994 646 nt
1015 582 1114 648 omnis
1136 583 1212 661 hae,

29 703 30 706 ¹
148 701 216 764 qnae
245 681 357 746 mediae
384 682 466 748 inter
492 686 618 770 antiqua
645 691 677 754 et
705 707 785 754 nova
811 688 952 770 tempora
976 687 1077 752 aetatis
1098 687 1212 754 seoulis

148 787 272 881 oodioes
293 787 479 870 inquinavit,
501 790 676 874 depravatio
700 795 838 860 arceatur
865 794 920 858 aut
939 793 1071 876 pellatur
1092 793 1213 858 ooniee-

147 893 286 974 turaeque
312 911 397 976 paene
429 893 531 962 aditus
562 899 767 980 praeelndatur
798 900 852 964 aut
882 899 1087 982 perangustus
1118 899 1213 964 relin-
1317 964 1329 986 4

148 1001 278 1082 quatur,
309 999 408 1082 qualis
430 1000 558 1066 Homeri
584 1004 771 1104 Vergiliique
799 1003 932 1069 oondioio
959 1003 1021 1080 est,
1057 1023 1076 1068 a
1103 1003 1212 1088 quium

149 1123 210 1168 non
231 1104 279 1168 ita
299 1105 389 1188 longe
418 1106 581 1200 Horatium
608 1109 721 1176 distare
749 1109 850 1176 iudioo
877 1108 1112 1190 cautissimeque
1141 1124 1212 1174 eum

149 1207 285 1292 atting03
322 1209 450 1276 aliorum
473 1213 611 1296 antiquos
634 1216 666 1280 et
691 1216 786 1280 bonos
815 1213 933 1280 oodioes
955 1211 1124 1290 habemns,
1157 1212 1213 1278 sed

149 1313 254 1378 tomen
278 1315 310 1378 et
331 1316 421 1397 aetate
444 1318 476 1382 et
497 1319 677 1384 auctoritate
699 1319 855 1386 inferiores
870 1321 911 1382 ,et
932 1315 1105 1400 peuoiopes,
1134 1317 1212 1386 reris

147 1415 368 1488 'accedentibus
401 1424 486 1488 extra
518 1423 637 1490 oodiees
669 1424 870 1501 testimoniis,
903 1425 938 1488 ut
966 1423 1147 1502 oonisoturee
1181 1426 1213 1488 et

151 1543 222 1590 usus
243 1543 312 1608 ¹non
338 1545 450 1610 parvus
479 1529 520 1594 sit
549 1530 581 1594 et
607 1530 792 1595 adminicula
820 1529 925 1604 firma,
961 1527 1059 1610 qualis
1087 1528 1137 1610 (ut
1164 1527 1212 1594 his

152 1631 220 1694 utar
242 1633 404 1716 exemplis)
425 1651 507 1709 nuno
528 1634 666 1700 Platonis
694 1623 758 1700 fere
773 1635 874 1702 totius
895 1633 1017 1698 fortuna
1038 1634 1139 1698 estet
1161 1632 1212 1700 Oi-

152 1736 268 1812 ceronis
299 1737 332 1800 in
362 1755 478 1830 magna
495 1749 642 1822 ,openem'
660 1742 767 1824 parte,
800 1757 976 1824 quanquam
1002 1737 1035 1802 iu
1065 1737 1113 1802 his
1135 1738 1211 1826 ipsis

29 1903 30 1912 ,
153 1837 249 1924 magis
270 1843 371 1920 varia,
405 1841 466 1908 alia
493 1843 623 1927 deniqne
645 1845 900 1928 veterum'opere
920 1845 975 1908 aut
995 1844 1115 1908 mature
1136 1864 1212 1928 neg-

29 1959 30 2044 }
152 1943 289 2028 legenter
311 1946 443 2014 deseribi
464 1950 497 2014 et
521 1950 656 2034 graviter
682 1949 786 2014 vitiari
815 1952 916 2034 empta
936 1949 1010 2014 sunt
1030 1950 1085 2014 aut
1105 1965 1213 2016 reeen-

29 2051 31 2084 v
151 2046 279 2118 tioribus
306 2055 431 2118 tantum
458 2056 490 2120 et
520 2055 713 2136 interpolatis
741 2056 894 2122 oodioibus
924 2055 1138 2131 eontinentur,
1178 2057 1213 2120 ut

29 2219 30 2232 ,
153 2156 323 2221 coniectura
350 2159 450 2223 multe
477 2143 601 2244 egeant,
635 2160 689 2224 sed
717 2179 766 2238 aa,
803 2159 836 2224 in
863 2159 922 2244 quo
959 2160 1026 2226 tuto
1053 2159 1211 2238 consistat,

29 2271 30 2316 ἱ
153 2261 199 2325 vix
227 2263 381 2342 inveniet,
412 2264 472 2330 etei
500 2265 532 2330 in
561 2267 745 2350 quibusdam
774 2253 999 2360 depravationis
1030 2266 1211 2358 simplicitas

152 2365 283 2471 adiuvat.

601 2635 687 2716 (lap.
715 2635 761 2698 Il.

164 2869 167 2876 1
198 2763 357 2842 liundorum
375 2785 592 2868 eorpigendormn
610 2788 655 2842 via
672 2786 790 2842 breviter
807 2786 971 2870 mpnstrutur
988 2785 1016 2838 et
1034 2781 1163 2852 exemplis

604 2877 761 2934 declaratur.

232 2993 372 3058 Primum
403 2994 452 3058 est
484 2993 706 3066 emendationis
736 2993 879 3070 initium,
913 2990 979 3058 sine
1007 3008 1066 3074 quo
1097 2988 1212 3054 tentari

152 3090 326 3168 oonieotura
347 3118 409 3164 non
431 3098 532 3176 debet,
554 3099 701 3164 mendum
726 3099 937 3164 demonstrare
959 3099 991 3162 et
1017 3097 1106 3160 certis
1131 3095 1213 3160 indi·

152 3203 204 3268 oiis
237 3205 414 3272 convincere
454 3207 508 3270 aut
544 3205 655 3280 saltem
686 3204 731 3268 ite
764 3203 963 3286 probabiliter
996 3219 1139 3286 arguere,
1177 3203 1213 3267 ut

150 3307 237 3376 iustae
265 3309 431 3392 suspicioni
460 3309 502 3374 sit
527 3310 630 3400 loeus3
666 3308 698 3373 in
727 3328 784 3391 quo
815 3310 886 3374 ante
912 3307 1016 3372 omnia
1045 3305 1211 3372 tenendum

153 3416 212 3491 est,
234 3415 279 3480 sie
308 3433 374 3480 esse
396 3413 589 3478 ooniunotam
611 3413 795 3494 scriptorum
816 3412 1100 3494 interpretationem
1122 3429 1211 3476 euar-
1322 3433 1327 3442 Χ
1447 3463 1448 3502 3

152 3518 359 3601 rationemque
380 3521 412 3583 et
433 3519 571 3584 eritioam
598 3519 712 3595 artem,
742 3521 777 3582 ut
797 3518 862 3582 hese
889 3518 936 3582 illi
963 3517 1098 3598 primum
1128 3517 1211 3580 reato

154 3622 290 3688 oodioum
306 3643 363 3688 usu
379 3625 498 3688 tentum
518 3615 672 3706 preparet
691 3626 871 3706 purgetque,
892 3621 1003 3686 deinde
1024 3619 1093 3703 ipsa
1114 3621 1153 3685 ab
1175 3640 1212 3684 ea

153 3726 248 3792 denuo
281 3731 424 3793 evocetur
456 3729 487 3792 et
513 3727 553 3792 ad
585 3729 755 3794 oenandum
783 3727 965 3811 instigetur,
997 3745 1067 3790 eum
1098 3725 1131 3788 in
1164 3745 1211 3802 eo,

156 3831 240 3913 quie
262 3831 415 3898 codicibus
438 3831 622 3898 constitutus
644 3835 694 3912 sit,
716 3835 804 3898 textu
820 3831 982 3897 enarrandi
1003 3849 1128 3914 operam
1149 3850 1211 3895 non

156 3939 234 4002 reete
255 3939 416 4020 procedere
443 3957 500 4003 nee
524 3939 642 4004 absolvi
671 3957 760 4022 posse
787 3937 979 4004 intellectum
1003 3938 1054 4002 sit.
1102 3934 1211 4018 Itaque

158 4043 277 4122 omnio,¹
293 4064 360 4128 quae
383 4043 415 4108 in
436 4045 515 4112 bono
538 4033 727 4122 enarratore,
758 4043 866 4116 eadem
887 4043 919 4106 in
942 4043 1046 4108 eritieo
1069 4060 1139 4117 esse,
1158 4041 1212 4104 de-
