2944 4660
574 295 745 350 Prooemium.
1133 295 1151 356 'l'

136 495 217 566 tonis
250 494 415 576 scriptores
446 491 583 570 ueniam,
620 511 670 558 eos
704 493 886 576 scriptores,
923 511 1051 575 quorum
1083 513 1194 576 paucos

134 601 208 664 boos
230 601 333 684 attigi,
354 599 386 663 in
409 599 610 663 miscellanea
632 599 734 680 capita
757 617 929 683 congeram.
972 599 1033 664 Sed
1050 599 1194 682 quoniam

135 708 237 790 saepius
271 706 350 780 diri,
378 723 430 768 me
458 706 557 770 artem
589 705 744 788 quandam
777 707 809 769 et
841 705 1030 770 oonieetandi
1063 705 1095 769 et
1124 724 1195 769 oon-

134 813 257 877 ieoturas
280 811 454 876 astimandi
478 811 597 875 efficere
631 812 742 888 oonari,
777 827 843 894 quae
878 812 910 876 et
944 810 1194 893 superstitionem

133 918 342 1000 ignaviamque
365 920 397 982 et
417 917 521 982 lusum
542 915 813 999 temeritatemque
824 917 1004 994 excluderet,
1029 917 1194 998 antequam

134 1023 168 1086 ad
187 1023 325 1106 singulos
347 1023 510 1104 son'ptorea
531 1024 628 1100 uenio,
649 1024 747 1106 primo
768 1020 847 1096 libro
869 1021 1039 1106 generatim
1055 1021 1195 1103 quaedam

133 1128 402 1210 comprehendam,
430 1147 497 1211 quae
518 1129 557 1194 ad
584 1129 680 1194 totius
706 1129 797 1193 huius
824 1128 870 1192 rei
896 1128 1048 1198 rationem
1071 1125 1195 1190 intelle·

133 1234 259 1316 gandam
281 1234 456 1316 pertineant
478 1237 509 1299 ot
530 1235 639 1300 utilem
660 1235 840 1313 iunioribus,
861 1235 888 1299 si
909 1253 969 1298 non
989 1231 1194 1314 disciplinam,

133 1344 161 1404 at
180 1341 423 1405 admonitionem
445 1341 581 1406 babeant
602 1359 638 1406 ae
663 1342 819 1424 quandam
846 1339 904 1405 viae
932 1339 1192 1404 monstrationem.

133 1447 207 1512 Nam
229 1448 291 1512 etsi
312 1465 409 1528 neque
431 1447 592 1530 praeseptis
614 1447 776 1530 quisquam
799 1447 938 1510 eritioam
959 1443 1140 1508 facultatem
1163 1443 1195 1506 et

133 1557 224 1617 artem
259 1553 383 1634 assequi
414 1554 515 1634 potest
546 1571 644 1636 neque
676 1571 798 1630 omnes,
833 1551 885 1634 qui
915 1549 1028 1615 littaris
1061 1549 1193 1630 antiquis

132 1657 272 1736 student,
303 1659 340 1722 ut
366 1662 420 1722 aut
447 1659 598 1741 praeoipue
627 1661 682 1724 aut
711 1659 802 1724 raldo
833 1659 866 1722 in
898 1659 957 1722 boe
991 1673 1103 1738 genere
1133 1653 1194 1736 ipsi

132 1783 202 1828 nova
215 1764 381 1847 quaerendo
398 1765 566 1842 elaborent,
587 1765 702 1842 hortor,
723 1767 829 1828 tamen
845 1765 982 1828 adrasto
997 1760 1194 1825 iudicandum

132 1871 159 1932 et
186 1871 227 1936 ad
248 1889 325 1936 vera
349 1889 385 1934 ao
406 1870 577 1952 probabilia
598 1889 617 1934 a
636 1871 724 1936 falsis
749 1871 781 1935 st
800 1867 972 1934 temerariis
995 1867 1195 1932 discernenda
1247 1923 1250 1932 ,

131 1975 234 2041 deduoi
273 1981 418 2058 possunt,
463 1979 515 2060 qui
546 1978 634 2042 bonae
671 1977 782 2042 indolis
814 1977 847 2040 at
877 1975 1045 2040 voluntatis
1078 1973 1194 2056 aliquid

131 2083 270 2160 afferunt,
292 2084 324 2147 et
339 2083 486 2148 haetenus
501 2101 619 2162 omnes,
642 2083 695 2166 qui
705 2083 876 2167 philologos
899 2101 932 2146 se
953 2082 1070 2158 volunt,
1093 2079 1195 2144 ositioi

132 2205 193 2251 esse
215 2189 340 2266 debent,
373 2189 408 2252 ut
435 2189 565 2252 aliorum
593 2189 671 2254 bane
700 2190 834 2255 inventis
863 2188 1031 2271 prudenter
1063 2187 1096 2250 et
1128 2185 1193 2248 sino

131 2292 268 2359 instabili
290 2295 479 2359 dubitatione
512 2295 559 2358 uti
593 2295 625 2358 at
651 2315 747 2377 prava
778 2295 886 2362 statim
912 2296 1036 2360 reiioare
1064 2298 1194 2378 possint.

131 2399 178 2464 Sio
201 2403 307 2464 autem
330 2401 450 2478 diuam,
481 2403 517 2466 ut
546 2402 694 2483 exemplis
723 2403 833 2467 adres
856 2403 1052 2466 declarandas
1073 2402 1106 2465 in
1130 2402 1194 2466 sin-

130 2505 207 2587 gulis
219 2506 384 2589 generibus
398 2507 469 2570 utar
477 2507 594 2588 paneis,
617 2507 705 2590 novis
717 2509 857 2573 omnibus
873 2512 905 2572 et
916 2508 1003 2586 meis,
1026 2509 1079 2572 sed
1092 2497 1194 2585 oertis,

130 2613 162 2676 ut
182 2613 300 2694 opinor,
323 2615 355 2677 et
376 2613 408 2676 in
430 2611 550 2694 quibus,
571 2631 644 2678 voro
666 2614 763 2678 semel
784 2616 893 2697 posito,
914 2634 1013 2698 neque
1029 2615 1193 2680 demendo

129 2737 224 2801 neque
247 2719 286 2784 de
308 2720 493 2784 correctione
517 2719 650 2784 dubitari
664 2739 755 2800 posse
769 2724 885 2803 putem.
932 2723 991 2798 Ita,
1014 2721 1066 2802 qui
1089 2739 1194 2786 emen-

130 2824 286 2890 dationum
307 2825 493 2906 promissum
520 2826 627 2890 statim
656 2827 771 2892 exsolvi
796 2829 995 2909 postulabunt
1026 2847 1083 2891 neo
1115 2847 1194 2908 prae·

129 2933 215 3013 oepta
248 2933 281 2996 et
319 2930 420 2994 aridas
458 2929 496 2993 de
532 2931 661 2996 minutis
697 2935 788 2998 rebus
825 2933 1049 3014 disputationes
1092 2905 1213 2998 afferri⁹

129 3036 294 3115 habebunt,
317 3037 397 3120 quod
424 3037 575 3121 flagitant.
618 3039 767 3122 Exempla
787 3039 844 3102 boo
864 3039 930 3103 loeo
948 3038 1047 3123 delegi
1063 3057 1098 3104 ox
1114 3040 1193 3120 aptis

130 3143 159 3206 et
187 3143 380 3225 perspicuis,x
412 3145 444 3207 et
465 3163 532 3226 quae
553 3143 719 3228 longiorem
742 3146 773 3208 et
794 3163 863 3208 eum
884 3146 1073 3228 proprietate
1096 3143 1193 3227 serip-
1239 3209 1244 3213 .

128 3247 229 3312 tomrn
260 3249 350 3313 valde
385 3249 580 3314 coniunctam
615 3251 846 3333 explicationem
879 3269 939 3316 non
973 3251 1193 3328 desiderarent,

128 3371 170 3429 ea,
193 3374 264 3436 quae
285 3373 318 3418 se
338 3373 397 3418 non
419 3355 472 3420 diu
493 3356 642 3438 quaerenti
660 3352 837 3434 offerebant,
860 3357 970 3438 quibus
992 3358 1102 3440 reliqui
1123 3357 1194 3422 libri

127 3458 155 3520 in
177 3459 267 3524 omni
288 3477 396 3541 genere
417 3461 534 3536 multa,
568 3461 600 3524 in
622 3461 777 3526 nonnullis
800 3462 922 3543 quidem
950 3481 1041 3546 prope
1072 3463 1193 3526 infinita

128 3564 250 3630 addent.
294 3565 335 3628 Et
357 3568 466 3646 postea
488 3583 606 3648 quoque
627 3567 659 3630 in
682 3567 810 3652 singulis
833 3569 1030 3652 scriptoribus
1052 3567 1192 3650 quaedam

128 3669 328 3734 similitudine
351 3671 511 3734 eoniuneta
532 3672 589 3736 sub
610 3691 705 3736 unum
728 3677 926 3757 conspectum
948 3675 1144 3739 adduoontur.
