<?xml version="1.0" encoding="UTF-8"?>
<!DOCTYPE html PUBLIC "-//W3C//DTD XHTML 1.0 Transitional//EN"
    "http://www.w3.org/TR/xhtml1/DTD/xhtml1-transitional.dtd">
<html xmlns="http://www.w3.org/1999/xhtml" xml:lang="en" lang="en">
 <head>
  <title>
</title>
<meta http-equiv="Content-Type" content="text/html;charset=utf-8" />
  <meta name='ocr-system' content='tesseract 3.04.00' />
  <meta name='ocr-capabilities' content='ocr_page ocr_carea ocr_par ocr_line ocrx_word'/>
</head>
<body>
  <div class='ocr_page' id='page_1' title='image "./adversariacriti02madvgoog_0181.png"; bbox 0 0 2954 4664; ppageno 0'>
   <div class='ocr_carea' id='block_1_1' title="bbox 332 307 877 372">
    <p class='ocr_par' dir='ltr' id='par_1_1' title="bbox 332 307 877 372">
     <span class='ocr_line' id='line_1_1' title="bbox 332 307 877 372; baseline -0.009 -2"><span class='ocrx_word' id='word_1_1' title='bbox 332 307 393 372; x_wconf 92' lang='grc'>166</span> <span class='ocrx_word' id='word_1_2' title='bbox 777 308 836 364; x_wconf 82' lang='lat' dir='ltr'>nio.</span> <span class='ocrx_word' id='word_1_3' title='bbox 855 311 877 365; x_wconf 89' lang='lat'>1.</span> 
     </span>
    </p>
   </div>
   <div class='ocr_carea' id='block_1_2' title="bbox 288 506 1368 1538">
    <p class='ocr_par' dir='ltr' id='par_1_2' title="bbox 288 506 1368 1538">
     <span class='ocr_line' id='line_1_2' title="bbox 288 506 1353 592; baseline 0.002 -22"><span class='ocrx_word' id='word_1_4' title='bbox 288 506 358 588; x_wconf 93' lang='lat' dir='ltr'>plns</span> <span class='ocrx_word' id='word_1_5' title='bbox 392 507 531 592; x_wconf 83' lang='lat' dir='ltr'>¹triginta</span> <span class='ocrx_word' id='word_1_6' title='bbox 579 527 672 578; x_wconf 87' lang='lat' dir='ltr'>annos</span> <span class='ocrx_word' id='word_1_7' title='bbox 716 507 753 573; x_wconf 90' lang='lat' dir='ltr'>de</span> <span class='ocrx_word' id='word_1_8' title='bbox 802 507 921 572; x_wconf 86' lang='lat' dir='ltr'>Latinis</span> <span class='ocrx_word' id='word_1_9' title='bbox 963 509 995 574; x_wconf 89' lang='lat' dir='ltr'>in</span> <span class='ocrx_word' id='word_1_10' title='bbox 1041 509 1135 574; x_wconf 85' lang='lat' dir='ltr'>simili</span> <span class='ocrx_word' id='word_1_11' title='bbox 1185 507 1353 590; x_wconf 70' lang='lat' dir='ltr'>quaestione</span> 
     </span>
     <span class='ocr_line' id='line_1_3' title="bbox 289 611 1352 696; baseline 0.002 -20"><span class='ocrx_word' id='word_1_12' title='bbox 289 611 352 676; x_wconf 84' lang='lat' dir='ltr'>diui</span> <span class='ocrx_word' id='word_1_13' title='bbox 379 619 494 694; x_wconf 85' lang='lat' dir='ltr'>(opusc.</span> <span class='ocrx_word' id='word_1_14' title='bbox 515 615 531 678; x_wconf 95' lang='grc' dir='ltr'>Ι</span> <span class='ocrx_word' id='word_1_15' title='bbox 556 634 586 696; x_wconf 88' lang='lat' dir='ltr'>p.</span> <span class='ocrx_word' id='word_1_16' title='bbox 617 613 700 692; x_wconf 82' lang='lat'>383),</span> <span class='ocrx_word' id='word_1_17' title='bbox 722 628 862 694; x_wconf 90' lang='lat' dir='ltr'>perverse</span> <span class='ocrx_word' id='word_1_18' title='bbox 889 613 1006 691; x_wconf 82' lang='lat' dir='ltr'>faeere,</span> <span class='ocrx_word' id='word_1_19' title='bbox 1034 614 1086 695; x_wconf 92' lang='lat' dir='ltr'>qui</span> <span class='ocrx_word' id='word_1_20' title='bbox 1113 613 1288 678; x_wconf 90' lang='lat' dir='ltr'>testimonia</span> <span class='ocrx_word' id='word_1_21' title='bbox 1314 630 1352 678; x_wconf 88' lang='lat' dir='ltr'>ex</span> 
     </span>
     <span class='ocr_line' id='line_1_4' title="bbox 289 705 1368 799; baseline 0.002 -19"><span class='ocrx_word' id='word_1_22' title='bbox 289 717 429 786; x_wconf 91' lang='lat' dir='ltr'>omnibus</span> <span class='ocrx_word' id='word_1_23' title='bbox 451 718 603 784; x_wconf 79' lang='lat' dir='ltr'>Ciceronis</span> <span class='ocrx_word' id='word_1_24' title='bbox 627 719 812 785; x_wconf 86' lang='lat' dir='ltr'>orationibus</span> <span class='ocrx_word' id='word_1_25' title='bbox 834 718 1006 799; x_wconf 90' lang='lat' dir='ltr'>promiscue</span> <span class='ocrx_word' id='word_1_26' title='bbox 1028 721 1194 795; x_wconf 79' lang='lat' dir='ltr'>sumerent,</span> <span class='ocrx_word' id='word_1_27' title='bbox 1215 719 1297 783; x_wconf 89' lang='lat' dir='ltr'>idem</span> <span class='ocrx_word' id='word_1_28' title='bbox 1312 705 1368 782; x_wconf 63' lang='lat' dir='ltr'>ad&#39;</span> 
     </span>
     <span class='ocr_line' id='line_1_5' title="bbox 290 820 1351 907; baseline -0.002 -19"><span class='ocrx_word' id='word_1_29' title='bbox 290 820 411 900; x_wconf 77' lang='lat' dir='ltr'>Grecos</span> <span class='ocrx_word' id='word_1_30' title='bbox 431 825 578 904; x_wconf 80' lang='lat' dir='ltr'>pertinet,</span> <span class='ocrx_word' id='word_1_31' title='bbox 600 827 636 888; x_wconf 90' lang='lat' dir='ltr'>ut</span> <span class='ocrx_word' id='word_1_32' title='bbox 655 823 792 907; x_wconf 88' lang='lat' dir='ltr'>imperiti</span> <span class='ocrx_word' id='word_1_33' title='bbox 815 825 869 888; x_wconf 93' lang='lat' dir='ltr'>aut</span> <span class='ocrx_word' id='word_1_34' title='bbox 889 823 1105 888; x_wconf 80' lang='lat' dir='ltr'>inconsiderati</span> <span class='ocrx_word' id='word_1_35' title='bbox 1127 825 1168 888; x_wconf 91' lang='lat' dir='ltr'>sit</span> <span class='ocrx_word' id='word_1_36' title='bbox 1189 824 1220 887; x_wconf 91' lang='lat' dir='ltr'>iu</span> <span class='ocrx_word' id='word_1_37' title='bbox 1239 824 1295 887; x_wconf 88' lang='lat' dir='ltr'>tali</span> <span class='ocrx_word' id='word_1_38' title='bbox 1316 841 1351 887; x_wconf 89' lang='lat' dir='ltr'>re</span> 
     </span>
     <span class='ocr_line' id='line_1_6' title="bbox 288 927 1353 1012; baseline 0 -20"><span class='ocrx_word' id='word_1_39' title='bbox 288 927 372 993; x_wconf 88' lang='lat' dir='ltr'>idem</span> <span class='ocrx_word' id='word_1_40' title='bbox 392 929 526 994; x_wconf 87' lang='lat' dir='ltr'>tribuere</span> <span class='ocrx_word' id='word_1_41' title='bbox 548 930 694 1012; x_wconf 82' lang='lat' dir='ltr'>exemplis</span> <span class='ocrx_word' id='word_1_42' title='bbox 716 949 733 994; x_wconf 92' lang='lat' dir='ltr'>e</span> <span class='ocrx_word' id='word_1_43' title='bbox 752 929 851 1012; x_wconf 82' lang='lat' dir='ltr'>Lysiae</span> <span class='ocrx_word' id='word_1_44' title='bbox 865 929 1049 994; x_wconf 87' lang='lat' dir='ltr'>orationibus</span> <span class='ocrx_word' id='word_1_45' title='bbox 1072 929 1203 1010; x_wconf 90' lang='lat' dir='ltr'>sumptis</span> <span class='ocrx_word' id='word_1_46' title='bbox 1226 933 1353 1010; x_wconf 84' lang='lat' dir='ltr'>atquae</span> 
     </span>
     <span class='ocr_line' id='line_1_7' title="bbox 289 1031 1351 1115; baseline 0.002 -19"><span class='ocrx_word' id='word_1_47' title='bbox 289 1031 506 1098; x_wconf 87' lang='lat' dir='ltr'>Demosthenis</span> <span class='ocrx_word' id='word_1_48' title='bbox 521 1037 553 1100; x_wconf 91' lang='lat' dir='ltr'>et</span> <span class='ocrx_word' id='word_1_49' title='bbox 566 1036 712 1101; x_wconf 87' lang='lat' dir='ltr'>Isocratis</span> <span class='ocrx_word' id='word_1_50' title='bbox 730 1035 802 1115; x_wconf 87' lang='lat' dir='ltr'>post</span> <span class='ocrx_word' id='word_1_51' title='bbox 815 1033 934 1098; x_wconf 86' lang='lat' dir='ltr'>codices</span> <span class='ocrx_word' id='word_1_52' title='bbox 948 1034 1153 1099; x_wconf 89' lang='lat' dir='ltr'>Parisionsem</span> <span class='ocrx_word' id='word_1_53' title='bbox 1167 1035 1200 1100; x_wconf 86' lang='grc' dir='ltr'><em>Σ</em></span> <span class='ocrx_word' id='word_1_54' title='bbox 1213 1036 1245 1098; x_wconf 89' lang='grc'>66</span> <span class='ocrx_word' id='word_1_55' title='bbox 1259 1033 1351 1099; x_wconf 90' lang='lat' dir='ltr'>Urbi-</span> 
     </span>
     <span class='ocr_line' id='line_1_8' title="bbox 290 1123 1354 1220; baseline 0 -18"><span class='ocrx_word' id='word_1_56' title='bbox 290 1137 397 1205; x_wconf 87' lang='lat' dir='ltr'>uatem</span> <span class='ocrx_word' id='word_1_57' title='bbox 431 1140 572 1215; x_wconf 89' lang='lat' dir='ltr'>collatos,</span> <span class='ocrx_word' id='word_1_58' title='bbox 612 1141 696 1205; x_wconf 89' lang='lat' dir='ltr'>idem</span> <span class='ocrx_word' id='word_1_59' title='bbox 728 1138 875 1220; x_wconf 83' lang='lat' dir='ltr'>exemplis</span> <span class='ocrx_word' id='word_1_60' title='bbox 909 1139 1134 1220; x_wconf 89' lang='lat' dir='ltr'>Xenophonteis</span> <span class='ocrx_word' id='word_1_61' title='bbox 1167 1141 1221 1204; x_wconf 91' lang='lat' dir='ltr'>aut</span> <span class='ocrx_word' id='word_1_62' title='bbox 1256 1123 1354 1202; x_wconf 84' lang='lat' dir='ltr'>otiam</span> 
     </span>
     <span class='ocr_line' id='line_1_9' title="bbox 290 1241 1348 1328; baseline 0.003 -23"><span class='ocrx_word' id='word_1_63' title='bbox 290 1241 493 1326; x_wconf 77' lang='lat' dir='ltr'>Thucydideis</span> <span class='ocrx_word' id='word_1_64' title='bbox 512 1248 608 1328; x_wconf 89' lang='lat' dir='ltr'>atque</span> <span class='ocrx_word' id='word_1_65' title='bbox 630 1245 807 1321; x_wconf 89' lang='lat' dir='ltr'>Platonicis,</span> <span class='ocrx_word' id='word_1_66' title='bbox 830 1262 935 1309; x_wconf 85' lang='lat' dir='ltr'>eornm</span> <span class='ocrx_word' id='word_1_67' title='bbox 957 1245 1128 1326; x_wconf 88' lang='lat' dir='ltr'>praesertim</span> <span class='ocrx_word' id='word_1_68' title='bbox 1150 1244 1348 1328; x_wconf 79' lang='lat' dir='ltr'>dialogorum,</span> 
     </span>
     <span class='ocr_line' id='line_1_10' title="bbox 290 1347 1352 1519; baseline 0 -107"><span class='ocrx_word' id='word_1_69' title='bbox 290 1347 343 1429; x_wconf 90' lang='lat' dir='ltr'>qui</span> <span class='ocrx_word' id='word_1_70' title='bbox 385 1349 488 1414; x_wconf 87' lang='lat' dir='ltr'>codice</span> <span class='ocrx_word' id='word_1_71' title='bbox 526 1351 701 1418; x_wconf 90' lang='lat' dir='ltr'>Bodleiano·</span> <span class='ocrx_word' id='word_1_72' title='bbox 734 1349 936 1519; x_wconf 57' lang='lat' dir='ltr'>{ontinentuu</span> <span class='ocrx_word' id='word_1_73' title='bbox 1003 1349 1218 1414; x_wconf 76' lang='lat' dir='ltr'>Animadverti</span> <span class='ocrx_word' id='word_1_74' title='bbox 1256 1348 1352 1432; x_wconf 86' lang='lat' dir='ltr'>igitur</span> 
     </span>
     <span class='ocr_line' id='line_1_11' title="bbox 289 1453 1355 1538; baseline 0.002 -20"><span class='ocrx_word' id='word_1_75' title='bbox 289 1453 385 1534; x_wconf 75' lang='lat' dir='ltr'>polim</span> <span class='ocrx_word' id='word_1_76' title='bbox 412 1455 500 1536; x_wconf 82' lang='lat' dir='ltr'>plura</span> <span class='ocrx_word' id='word_1_77' title='bbox 526 1457 558 1520; x_wconf 93' lang='lat' dir='ltr'>in</span> <span class='ocrx_word' id='word_1_78' title='bbox 581 1457 641 1520; x_wconf 90' lang='lat' dir='ltr'>hac</span> <span class='ocrx_word' id='word_1_79' title='bbox 667 1457 735 1538; x_wconf 90' lang='lat' dir='ltr'>disp</span> <span class='ocrx_word' id='word_1_80' title='bbox 758 1456 872 1520; x_wconf 86' lang='lat' dir='ltr'>tatione</span> <span class='ocrx_word' id='word_1_81' title='bbox 904 1454 1012 1518; x_wconf 85' lang='grc'>1666661</span> <span class='ocrx_word' id='word_1_82' title='bbox 1039 1455 1139 1537; x_wconf 83' lang='lat' dir='ltr'>Lysiae</span> <span class='ocrx_word' id='word_1_83' title='bbox 1166 1455 1305 1536; x_wconf 82' lang='lat' dir='ltr'>exempla</span> <span class='ocrx_word' id='word_1_84' title='bbox 1335 1473 1355 1520; x_wconf 89' lang='lat' dir='ltr'>e</span> 
     </span>
    </p>
   </div>
   <div class='ocr_carea' id='block_1_3' title="bbox 289 1559 1356 1750">
    <p class='ocr_par' dir='ltr' id='par_1_3' title="bbox 289 1559 1356 1750">
     <span class='ocr_line' id='line_1_12' title="bbox 290 1559 1356 1643; baseline 0.001 -21"><span class='ocrx_word' id='word_1_85' title='bbox 290 1560 389 1626; x_wconf 91' lang='lat' dir='ltr'>multo</span> <span class='ocrx_word' id='word_1_86' title='bbox 416 1559 534 1626; x_wconf 88' lang='lat' dir='ltr'>minore</span> <span class='ocrx_word' id='word_1_87' title='bbox 561 1562 732 1626; x_wconf 90' lang='lat' dir='ltr'>orationum</span> <span class='ocrx_word' id='word_1_88' title='bbox 762 1579 886 1643; x_wconf 89' lang='lat' dir='ltr'>corpore</span> <span class='ocrx_word' id='word_1_89' title='bbox 921 1579 1013 1643; x_wconf 89' lang='lat' dir='ltr'>quam</span> <span class='ocrx_word' id='word_1_90' title='bbox 1045 1560 1263 1625; x_wconf 86' lang='lat' dir='ltr'>Demosthenis</span> <span class='ocrx_word' id='word_1_91' title='bbox 1299 1561 1356 1624; x_wconf 87' lang='lat' dir='ltr'>aut</span> 
     </span>
     <span class='ocr_line' id='line_1_13' title="bbox 289 1664 1352 1750; baseline 0.001 -22"><span class='ocrx_word' id='word_1_92' title='bbox 289 1664 442 1738; x_wconf 88' lang='lat' dir='ltr'>Isocratis,</span> <span class='ocrx_word' id='word_1_93' title='bbox 465 1665 601 1732; x_wconf 82' lang='lat' dir='ltr'>Platonis</span> <span class='ocrx_word' id='word_1_94' title='bbox 624 1682 742 1750; x_wconf 88' lang='lat' dir='ltr'>quoquc</span> <span class='ocrx_word' id='word_1_95' title='bbox 767 1667 817 1731; x_wconf 84' lang='lat' dir='ltr'>rix</span> <span class='ocrx_word' id='word_1_96' title='bbox 846 1685 946 1733; x_wconf 83' lang='lat' dir='ltr'>uuum</span> <span class='ocrx_word' id='word_1_97' title='bbox 974 1667 1006 1731; x_wconf 92' lang='lat' dir='ltr'>et</span> <span class='ocrx_word' id='word_1_98' title='bbox 1028 1667 1160 1732; x_wconf 90' lang='lat' dir='ltr'>alterum</span> <span class='ocrx_word' id='word_1_99' title='bbox 1181 1665 1352 1748; x_wconf 84' lang='lat' dir='ltr'>proferri¹).</span> 
     </span>
    </p>
   </div>
   <div class='ocr_carea' id='block_1_4' title="bbox 293 1876 1360 4162">
    <p class='ocr_par' dir='ltr' id='par_1_4' title="bbox 293 1876 1360 4162">
     <span class='ocr_line' id='line_1_14' title="bbox 318 1876 1356 1946; baseline -0.002 -14"><span class='ocrx_word' id='word_1_100' title='bbox 318 1877 340 1942; x_wconf 78' lang='grc'>1)</span> <span class='ocrx_word' id='word_1_101' title='bbox 361 1880 394 1932; x_wconf 90' lang='grc'>16</span> <span class='ocrx_word' id='word_1_102' title='bbox 411 1877 545 1934; x_wconf 81' lang='lat' dir='ltr'>Phudoue</span> <span class='ocrx_word' id='word_1_103' title='bbox 568 1877 885 1945; x_wconf 67' lang='lat' dir='ltr'>paroeciarum</span> <span class='ocrx_word' id='word_1_104' title='bbox 910 1878 988 1946; x_wconf 84' lang='lat' dir='ltr'>pauci</span> <span class='ocrx_word' id='word_1_105' title='bbox 1012 1893 1060 1932; x_wconf 87' lang='lat' dir='ltr'>uec</span> <span class='ocrx_word' id='word_1_106' title='bbox 1087 1876 1229 1946; x_wconf 85' lang='lat' dir='ltr'>spernendi</span> <span class='ocrx_word' id='word_1_107' title='bbox 1251 1876 1356 1932; x_wconf 80' lang='grc'>1666666</span> 
     </span>
     <span class='ocr_line' id='line_1_15' title="bbox 329 1968 1352 2046; baseline -0.002 -22"><span class='ocrx_word' id='word_1_108' title='bbox 329 2025 332 2034; x_wconf 78' lang='grc'>,</span> <span class='ocrx_word' id='word_1_109' title='bbox 361 1969 436 2046; x_wconf 76' lang='grc' dir='ltr'>ᾤμην</span> <span class='ocrx_word' id='word_1_110' title='bbox 446 2009 453 2022; x_wconf 92' lang='grc'><strong>.</strong></span> <span class='ocrx_word' id='word_1_111' title='bbox 464 2009 472 2024; x_wconf 91' lang='grc'><strong>.</strong></span> <span class='ocrx_word' id='word_1_112' title='bbox 482 2009 489 2026; x_wconf 89' lang='grc'><strong>.</strong></span> <span class='ocrx_word' id='word_1_113' title='bbox 499 1971 547 2024; x_wconf 79' lang='grc' dir='ltr'>καί</span> <span class='ocrx_word' id='word_1_114' title='bbox 556 1989 603 2037; x_wconf 85' lang='grc' dir='ltr'>μοι</span> <span class='ocrx_word' id='word_1_115' title='bbox 617 1968 735 2036; x_wconf 74' lang='grc' dir='ltr'><em>φράσειν</em></span> <span class='ocrx_word' id='word_1_116' title='bbox 754 2009 778 2025; x_wconf 88' lang='grc'>..</span> <span class='ocrx_word' id='word_1_117' title='bbox 793 2009 800 2026; x_wconf 87' lang='grc'><strong>.</strong></span> <span class='ocrx_word' id='word_1_118' title='bbox 820 1970 1082 2040; x_wconf 74' lang='grc' dir='ltr'>ἐπεκδιηγήσασθαι,</span> <span class='ocrx_word' id='word_1_119' title='bbox 1107 1969 1276 2038; x_wconf 73' lang='lat' dir='ltr'>copulatione</span> <span class='ocrx_word' id='word_1_120' title='bbox 1294 1969 1352 2034; x_wconf 86' lang='lat' dir='ltr'>illa,</span> 
     </span>
     <span class='ocr_line' id='line_1_16' title="bbox 361 2061 1356 2133; baseline 0 -17"><span class='ocrx_word' id='word_1_121' title='bbox 361 2079 441 2132; x_wconf 85' lang='lat' dir='ltr'>quum</span> <span class='ocrx_word' id='word_1_122' title='bbox 458 2061 583 2118; x_wconf 88' lang='lat' dir='ltr'>nonnulli</span> <span class='ocrx_word' id='word_1_123' title='bbox 607 2061 678 2130; x_wconf 89' lang='lat' dir='ltr'>apud</span> <span class='ocrx_word' id='word_1_124' title='bbox 696 2062 878 2133; x_wconf 84' lang='lat' dir='ltr'>Thucydidem</span> <span class='ocrx_word' id='word_1_125' title='bbox 896 2063 1096 2132; x_wconf 86' lang='lat' dir='ltr'>amplexantur,</span> <span class='ocrx_word' id='word_1_126' title='bbox 1120 2061 1167 2116; x_wconf 88' lang='lat' dir='ltr'>sed</span> <span class='ocrx_word' id='word_1_127' title='bbox 1190 2061 1356 2116; x_wconf 85' lang='lat' dir='ltr'>Bodleianus</span> 
     </span>
     <span class='ocr_line' id='line_1_17' title="bbox 361 2153 1354 2224; baseline -0.001 -15"><span class='ocrx_word' id='word_1_128' title='bbox 361 2172 453 2209; x_wconf 86' lang='lat' dir='ltr'>rernm</span> <span class='ocrx_word' id='word_1_129' title='bbox 470 2155 555 2208; x_wconf 84' lang='lat' dir='ltr'>tenet</span> <span class='ocrx_word' id='word_1_130' title='bbox 590 2153 736 2224; x_wconf 88' lang='lat' dir='ltr'>Utriusque</span> <span class='ocrx_word' id='word_1_131' title='bbox 760 2156 906 2220; x_wconf 87' lang='lat' dir='ltr'>cautionis,</span> <span class='ocrx_word' id='word_1_132' title='bbox 928 2171 1017 2224; x_wconf 60' lang='lat' dir='ltr'>,quam</span> <span class='ocrx_word' id='word_1_133' title='bbox 1034 2155 1079 2208; x_wconf 91' lang='lat' dir='ltr'>hic</span> <span class='ocrx_word' id='word_1_134' title='bbox 1097 2155 1182 2224; x_wconf 87' lang='lat' dir='ltr'>posui,</span> <span class='ocrx_word' id='word_1_135' title='bbox 1202 2155 1354 2224; x_wconf 86' lang='lat' dir='ltr'>exemplum</span> 
     </span>
     <span class='ocr_line' id='line_1_18' title="bbox 364 2235 1355 2316; baseline -0.001 -14"><span class='ocrx_word' id='word_1_136' title='bbox 364 2235 491 2312; x_wconf 85' lang='lat' dir='ltr'>Latinum</span> <span class='ocrx_word' id='word_1_137' title='bbox 510 2246 648 2312; x_wconf 75' lang='lat' dir='ltr'>sublicium</span> <span class='ocrx_word' id='word_1_138' title='bbox 666 2247 730 2301; x_wconf 92' lang='lat' dir='ltr'>olim</span> <span class='ocrx_word' id='word_1_139' title='bbox 749 2263 765 2300; x_wconf 93' lang='grc'>6</span> <span class='ocrx_word' id='word_1_140' title='bbox 782 2263 824 2301; x_wconf 88' lang='lat' dir='ltr'>mo</span> <span class='ocrx_word' id='word_1_141' title='bbox 840 2247 985 2316; x_wconf 90' lang='lat' dir='ltr'>proditum.</span> <span class='ocrx_word' id='word_1_142' title='bbox 1021 2247 1092 2302; x_wconf 89' lang='lat' dir='ltr'>Nam</span> <span class='ocrx_word' id='word_1_143' title='bbox 1109 2249 1172 2300; x_wconf 90' lang='lat' dir='ltr'>ante</span> <span class='ocrx_word' id='word_1_144' title='bbox 1190 2247 1290 2316; x_wconf 84' lang='lat' dir='ltr'>viginti</span> <span class='ocrx_word' id='word_1_145' title='bbox 1309 2263 1355 2301; x_wconf 84' lang='lat' dir='ltr'>sex</span> 
     </span>
     <span class='ocr_line' id='line_1_19' title="bbox 363 2337 1353 2408; baseline -0.002 -14"><span class='ocrx_word' id='word_1_146' title='bbox 363 2357 447 2394; x_wconf 80' lang='lat' dir='ltr'>annos</span> <span class='ocrx_word' id='word_1_147' title='bbox 465 2339 560 2408; x_wconf 86' lang='lat' dir='ltr'>scripsi</span> <span class='ocrx_word' id='word_1_148' title='bbox 571 2338 785 2408; x_wconf 80' lang='lat' dir='ltr'>(Bemsrlrungeu</span> <span class='ocrx_word' id='word_1_149' title='bbox 803 2339 869 2392; x_wconf 75' lang='lat' dir='ltr'>suber</span> <span class='ocrx_word' id='word_1_150' title='bbox 881 2339 1065 2394; x_wconf 86' lang='lat' dir='ltr'>verschiedene</span> <span class='ocrx_word' id='word_1_151' title='bbox 1076 2339 1182 2393; x_wconf 83' lang='lat' dir='ltr'>Puukte</span> <span class='ocrx_word' id='word_1_152' title='bbox 1195 2337 1242 2392; x_wconf 91' lang='lat' dir='ltr'>der</span> <span class='ocrx_word' id='word_1_153' title='bbox 1259 2339 1353 2393; x_wconf 89' lang='lat' dir='ltr'>latein.</span> 
     </span>
     <span class='ocr_line' id='line_1_20' title="bbox 364 2430 1356 2502; baseline -0.005 -14"><span class='ocrx_word' id='word_1_154' title='bbox 364 2431 539 2502; x_wconf 85' lang='lat' dir='ltr'>Spraohlehrc</span> <span class='ocrx_word' id='word_1_155' title='bbox 561 2448 588 2500; x_wconf 90' lang='lat' dir='ltr'>p.</span> <span class='ocrx_word' id='word_1_156' title='bbox 608 2434 643 2486; x_wconf 82' lang='grc'>65</span> <span class='ocrx_word' id='word_1_157' title='bbox 666 2435 695 2485; x_wconf 89' lang='grc'>66</span> <span class='ocrx_word' id='word_1_158' title='bbox 712 2435 766 2494; x_wconf 90' lang='grc'>66),</span> <span class='ocrx_word' id='word_1_159' title='bbox 793 2431 927 2494; x_wconf 86' lang='lat' dir='ltr'>abhinc,</span> <span class='ocrx_word' id='word_1_160' title='bbox 947 2435 1055 2500; x_wconf 86' lang='lat' dir='ltr'>excepto</span> <span class='ocrx_word' id='word_1_161' title='bbox 1073 2431 1266 2500; x_wconf 78' lang='lat' dir='ltr'>quod‘duobus</span> <span class='ocrx_word' id='word_1_162' title='bbox 1284 2430 1356 2500; x_wconf 89' lang='lat' dir='ltr'>apud</span> 
     </span>
     <span class='ocr_line' id='line_1_21' title="bbox 362 2523 1356 2594; baseline -0.004 -13"><span class='ocrx_word' id='word_1_163' title='bbox 362 2524 514 2581; x_wconf 83' lang='lat' dir='ltr'>Ciceronem</span> <span class='ocrx_word' id='word_1_164' title='bbox 531 2525 559 2578; x_wconf 91' lang='lat' dir='ltr'>et</span> <span class='ocrx_word' id='word_1_165' title='bbox 570 2523 697 2579; x_wconf 87' lang='lat' dir='ltr'>Plautum</span> <span class='ocrx_word' id='word_1_166' title='bbox 711 2523 782 2578; x_wconf 85' lang='lat' dir='ltr'>locis</span> <span class='ocrx_word' id='word_1_167' title='bbox 793 2539 841 2593; x_wconf 92' lang='lat' dir='ltr'>pro</span> <span class='ocrx_word' id='word_1_168' title='bbox 859 2526 939 2577; x_wconf 89' lang='lat' dir='ltr'>ante</span> <span class='ocrx_word' id='word_1_169' title='bbox 957 2523 1089 2592; x_wconf 79' lang='lat' dir='ltr'>(superius</span> <span class='ocrx_word' id='word_1_170' title='bbox 1107 2524 1217 2594; x_wconf 83' lang='lat' dir='ltr'>aliquod</span> <span class='ocrx_word' id='word_1_171' title='bbox 1232 2527 1356 2592; x_wconf 84' lang='lat' dir='ltr'>tempus)</span> 
     </span>
     <span class='ocr_line' id='line_1_22' title="bbox 361 2616 1359 2688; baseline -0.001 -15"><span class='ocrx_word' id='word_1_172' title='bbox 361 2618 488 2688; x_wconf 86' lang='lat' dir='ltr'>positum·</span> <span class='ocrx_word' id='word_1_173' title='bbox 497 2617 664 2686; x_wconf 84' lang='lat' dir='ltr'>reperiretur,</span> <span class='ocrx_word' id='word_1_174' title='bbox 683 2616 896 2670; x_wconf 78' lang='lat' dir='ltr'>constantissime</span> <span class='ocrx_word' id='word_1_175' title='bbox 915 2632 974 2670; x_wconf 86' lang='lat' dir='ltr'>curn</span> <span class='ocrx_word' id='word_1_176' title='bbox 999 2617 1149 2670; x_wconf 84' lang='lat' dir='ltr'>accusativo</span> <span class='ocrx_word' id='word_1_177' title='bbox 1175 2617 1252 2685; x_wconf 91' lang='lat' dir='ltr'>poni,</span> <span class='ocrx_word' id='word_1_178' title='bbox 1277 2617 1359 2685; x_wconf 86' lang='lat' dir='ltr'>sique</span> 
     </span>
     <span class='ocr_line' id='line_1_23' title="bbox 293 2696 1356 2790; baseline -0.005 -24"><span class='ocrx_word' id='word_1_179' title='bbox 293 2719 294 2726; x_wconf 78' lang='grc'>’</span> <span class='ocrx_word' id='word_1_180' title='bbox 362 2711 402 2790; x_wconf 75' lang='lat' dir='ltr'>rei¹</span> <span class='ocrx_word' id='word_1_181' title='bbox 425 2696 505 2764; x_wconf 73' lang='lat' dir='ltr'>iidem</span> <span class='ocrx_word' id='word_1_182' title='bbox 524 2709 575 2764; x_wconf 83' lang='lat' dir='ltr'>ieci</span> <span class='ocrx_word' id='word_1_183' title='bbox 592 2709 705 2778; x_wconf 87' lang='lat' dir='ltr'>prolatis</span> <span class='ocrx_word' id='word_1_184' title='bbox 723 2725 768 2762; x_wconf 88' lang='lat' dir='ltr'>sex</span> <span class='ocrx_word' id='word_1_185' title='bbox 787 2708 922 2764; x_wconf 74' lang='lat' dir='ltr'>Ciceronis</span> <span class='ocrx_word' id='word_1_186' title='bbox 948 2707 1029 2772; x_wconf 88' lang='lat' dir='ltr'>locis,</span> <span class='ocrx_word' id='word_1_187' title='bbox 1055 2723 1108 2760; x_wconf 93' lang='lat' dir='ltr'>nno</span> <span class='ocrx_word' id='word_1_188' title='bbox 1130 2707 1238 2772; x_wconf 78' lang='lat' dir='ltr'>Plauti,</span> <span class='ocrx_word' id='word_1_189' title='bbox 1265 2707 1356 2762; x_wconf 89' lang='lat' dir='ltr'>tribus</span> 
     </span>
     <span class='ocr_line' id='line_1_24' title="bbox 362 2785 1357 2870; baseline -0.004 -14"><span class='ocrx_word' id='word_1_190' title='bbox 362 2801 489 2866; x_wconf 83' lang='lat' dir='ltr'>Terentii,</span> <span class='ocrx_word' id='word_1_191' title='bbox 507 2818 561 2856; x_wconf 92' lang='lat' dir='ltr'>uno</span> <span class='ocrx_word' id='word_1_192' title='bbox 579 2800 696 2864; x_wconf 81' lang='lat' dir='ltr'>Horatii,</span> <span class='ocrx_word' id='word_1_193' title='bbox 715 2800 839 2856; x_wconf 87' lang='lat' dir='ltr'>undecim</span> <span class='ocrx_word' id='word_1_194' title='bbox 857 2801 957 2856; x_wconf 89' lang='lat' dir='ltr'>Velleii</span> <span class='ocrx_word' id='word_1_195' title='bbox 975 2816 1006 2854; x_wconf 83' lang='lat' dir='ltr'>cx</span> <span class='ocrx_word' id='word_1_196' title='bbox 1023 2816 1105 2869; x_wconf 86' lang='lat' dir='ltr'>parra</span> <span class='ocrx_word' id='word_1_197' title='bbox 1122 2785 1198 2870; x_wconf 80' lang='lat' dir='ltr'>parte</span> <span class='ocrx_word' id='word_1_198' title='bbox 1223 2799 1357 2869; x_wconf 88' lang='lat' dir='ltr'>opusculi,</span> 
     </span>
     <span class='ocr_line' id='line_1_25' title="bbox 362 2893 1359 2963; baseline -0.002 -15"><span class='ocrx_word' id='word_1_199' title='bbox 362 2910 415 2948; x_wconf 87' lang='lat' dir='ltr'>nuo</span> <span class='ocrx_word' id='word_1_200' title='bbox 438 2893 476 2947; x_wconf 82' lang='lat' dir='ltr'>M.</span> <span class='ocrx_word' id='word_1_201' title='bbox 501 2893 615 2949; x_wconf 84' lang='lat' dir='ltr'>Antonii</span> <span class='ocrx_word' id='word_1_202' title='bbox 637 2893 708 2963; x_wconf 89' lang='lat' dir='ltr'>apud</span> <span class='ocrx_word' id='word_1_203' title='bbox 734 2893 905 2958; x_wconf 73' lang='lat' dir='ltr'>suetonium,</span> <span class='ocrx_word' id='word_1_204' title='bbox 932 2893 974 2946; x_wconf 89' lang='lat' dir='ltr'>his</span> <span class='ocrx_word' id='word_1_205' title='bbox 1000 2908 1084 2946; x_wconf 92' lang='lat' dir='ltr'>nuum</span> <span class='ocrx_word' id='word_1_206' title='bbox 1108 2893 1270 2949; x_wconf 86' lang='lat' dir='ltr'>contrarium</span> <span class='ocrx_word' id='word_1_207' title='bbox 1299 2907 1359 2946; x_wconf 89' lang='grc'>6666</span> 
     </span>
     <span class='ocr_line' id='line_1_26' title="bbox 362 2963 1355 3054; baseline -0.009 -9"><span class='ocrx_word' id='word_1_208' title='bbox 362 2989 496 3052; x_wconf 75' lang='lat' dir='ltr'>Ciceronis</span> <span class='ocrx_word' id='word_1_209' title='bbox 514 2988 544 3040; x_wconf 91' lang='lat' dir='ltr'>in</span> <span class='ocrx_word' id='word_1_210' title='bbox 562 2987 680 3040; x_wconf 88' lang='lat' dir='ltr'>oratione</span> <span class='ocrx_word' id='word_1_211' title='bbox 699 3002 746 3054; x_wconf 89' lang='lat' dir='ltr'>pro</span> <span class='ocrx_word' id='word_1_212' title='bbox 764 2986 840 3040; x_wconf 83' lang='lat' dir='ltr'>Rosa.</span> <span class='ocrx_word' id='word_1_213' title='bbox 859 2985 933 3040; x_wconf 86' lang='lat' dir='ltr'>Com.</span> <span class='ocrx_word' id='word_1_214' title='bbox 954 2987 989 3040; x_wconf 86' lang='grc'>37</span> <span class='ocrx_word' id='word_1_215' title='bbox 1008 2985 1145 3052; x_wconf 81' lang='lat' dir='ltr'>(abhinc</span> <span class='ocrx_word' id='word_1_216' title='bbox 1163 2963 1261 3038; x_wconf 83' lang='lat' dir='ltr'>anu&#39;is</span> <span class='ocrx_word' id='word_1_217' title='bbox 1280 2981 1355 3048; x_wconf 84' lang='lat' dir='ltr'>XV),</span> 
     </span>
     <span class='ocr_line' id='line_1_27' title="bbox 361 3073 1355 3152; baseline -0.011 -15"><span class='ocrx_word' id='word_1_218' title='bbox 361 3083 391 3137; x_wconf 90' lang='lat' dir='ltr'>iu</span> <span class='ocrx_word' id='word_1_219' title='bbox 415 3099 468 3152; x_wconf 84' lang='lat' dir='ltr'>qua</span> <span class='ocrx_word' id='word_1_220' title='bbox 485 3085 576 3135; x_wconf 89' lang='lat' dir='ltr'>tamen</span> <span class='ocrx_word' id='word_1_221' title='bbox 593 3077 697 3132; x_wconf 89' lang='lat' dir='ltr'>dnobus</span> <span class='ocrx_word' id='word_1_222' title='bbox 715 3073 836 3132; x_wconf 86' lang='lat' dir='ltr'>versibus</span> <span class='ocrx_word' id='word_1_223' title='bbox 854 3081 917 3147; x_wconf 90' lang='lat' dir='ltr'>post</span> <span class='ocrx_word' id='word_1_224' title='bbox 945 3079 1081 3148; x_wconf 85' lang='lat' dir='ltr'>legeretur</span> <span class='ocrx_word' id='word_1_225' title='bbox 1098 3075 1221 3130; x_wconf 84' lang='lat' dir='ltr'>abhinc</span> <span class='ocrx_word' id='word_1_226' title='bbox 1244 3073 1355 3127; x_wconf 88' lang='lat' dir='ltr'>trien·</span> 
     </span>
     <span class='ocr_line' id='line_1_28' title="bbox 361 3167 1357 3248; baseline -0.006 -20"><span class='ocrx_word' id='word_1_227' title='bbox 361 3175 468 3239; x_wconf 90' lang='lat' dir='ltr'>nium;</span> <span class='ocrx_word' id='word_1_228' title='bbox 492 3172 549 3226; x_wconf 89' lang='lat' dir='ltr'>eius</span> <span class='ocrx_word' id='word_1_229' title='bbox 573 3171 702 3248; x_wconf 80' lang='lat' dir='ltr'>orationis</span> <span class='ocrx_word' id='word_1_230' title='bbox 725 3173 829 3224; x_wconf 86' lang='lat' dir='ltr'>textum</span> <span class='ocrx_word' id='word_1_231' title='bbox 853 3189 869 3225; x_wconf 89' lang='lat' dir='ltr'>a</span> <span class='ocrx_word' id='word_1_232' title='bbox 892 3171 1028 3226; x_wconf 88' lang='lat' dir='ltr'>codicibus</span> <span class='ocrx_word' id='word_1_233' title='bbox 1053 3185 1110 3248; x_wconf 77' lang='lat' dir='ltr'>esse</span> <span class='ocrx_word' id='word_1_234' title='bbox 1133 3167 1357 3222; x_wconf 82' lang='lat' dir='ltr'>infirmissimum.</span> 
     </span>
     <span class='ocr_line' id='line_1_29' title="bbox 361 3259 1360 3340; baseline -0.006 -20"><span class='ocrx_word' id='word_1_235' title='bbox 361 3265 418 3320; x_wconf 90' lang='grc' dir='ltr'>Η66</span> <span class='ocrx_word' id='word_1_236' title='bbox 443 3263 507 3319; x_wconf 85' lang='lat' dir='ltr'>adeo</span> <span class='ocrx_word' id='word_1_237' title='bbox 530 3279 579 3333; x_wconf 90' lang='lat' dir='ltr'>pro</span> <span class='ocrx_word' id='word_1_238' title='bbox 596 3263 698 3340; x_wconf 80' lang='lat' dir='ltr'>indicto</span> <span class='ocrx_word' id='word_1_239' title='bbox 716 3262 778 3327; x_wconf 83' lang='lat' dir='ltr'>fnit,</span> <span class='ocrx_word' id='word_1_240' title='bbox 806 3265 838 3318; x_wconf 89' lang='grc'>66</span> <span class='ocrx_word' id='word_1_241' title='bbox 861 3279 895 3317; x_wconf 90' lang='grc'>66</span> <span class='ocrx_word' id='word_1_242' title='bbox 917 3263 1025 3319; x_wconf 88' lang='lat' dir='ltr'>Halmio</span> <span class='ocrx_word' id='word_1_243' title='bbox 1052 3261 1161 3331; x_wconf 88' lang='lat' dir='ltr'>quidem</span> <span class='ocrx_word' id='word_1_244' title='bbox 1182 3263 1230 3315; x_wconf 88' lang='lat' dir='ltr'>aut</span> <span class='ocrx_word' id='word_1_245' title='bbox 1246 3259 1360 3314; x_wconf 89' lang='lat' dir='ltr'>Baitero</span> 
     </span>
     <span class='ocr_line' id='line_1_30' title="bbox 360 3349 1355 3427; baseline -0.008 -14"><span class='ocrx_word' id='word_1_246' title='bbox 360 3361 408 3413; x_wconf 88' lang='grc'>666</span> <span class='ocrx_word' id='word_1_247' title='bbox 434 3357 564 3427; x_wconf 77' lang='lat' dir='ltr'>Kaysero‚</span> <span class='ocrx_word' id='word_1_248' title='bbox 605 3355 759 3410; x_wconf 92' lang='lat' dir='ltr'>hominibus</span> <span class='ocrx_word' id='word_1_249' title='bbox 795 3371 913 3410; x_wconf 89' lang='lat' dir='ltr'>meorum</span> <span class='ocrx_word' id='word_1_250' title='bbox 941 3373 1005 3412; x_wconf 82' lang='lat' dir='ltr'>saue</span> <span class='ocrx_word' id='word_1_251' title='bbox 1033 3373 1088 3410; x_wconf 93' lang='lat' dir='ltr'>uon</span> <span class='ocrx_word' id='word_1_252' title='bbox 1116 3349 1355 3422; x_wconf 85' lang='lat' dir='ltr'>contemptoribus,</span> 
     </span>
     <span class='ocr_line' id='line_1_31' title="bbox 360 3445 1358 3518; baseline -0.007 -15"><span class='ocrx_word' id='word_1_253' title='bbox 360 3447 519 3506; x_wconf 87' lang='lat' dir='ltr'>innotuerit.</span> <span class='ocrx_word' id='word_1_254' title='bbox 556 3448 681 3502; x_wconf 77' lang='lat' dir='ltr'>Poteram</span> <span class='ocrx_word' id='word_1_255' title='bbox 699 3447 795 3502; x_wconf 86' lang='lat' dir='ltr'>addere</span> <span class='ocrx_word' id='word_1_256' title='bbox 821 3464 853 3502; x_wconf 87' lang='lat' dir='ltr'>ox</span> <span class='ocrx_word' id='word_1_257' title='bbox 876 3449 980 3518; x_wconf 88' lang='lat' dir='ltr'>reliquo</span> <span class='ocrx_word' id='word_1_258' title='bbox 1001 3448 1100 3504; x_wconf 87' lang='lat' dir='ltr'>Velleii</span> <span class='ocrx_word' id='word_1_259' title='bbox 1127 3445 1253 3515; x_wconf 87' lang='lat' dir='ltr'>opusculo</span> <span class='ocrx_word' id='word_1_260' title='bbox 1281 3450 1358 3508; x_wconf 87' lang='lat' dir='ltr'>(uam</span> 
     </span>
     <span class='ocr_line' id='line_1_32' title="bbox 360 3538 1357 3610; baseline -0.008 -14"><span class='ocrx_word' id='word_1_261' title='bbox 360 3541 509 3596; x_wconf 87' lang='lat' dir='ltr'>delectatur</span> <span class='ocrx_word' id='word_1_262' title='bbox 525 3539 575 3594; x_wconf 90' lang='lat' dir='ltr'>hac</span> <span class='ocrx_word' id='word_1_263' title='bbox 593 3539 678 3594; x_wconf 81' lang='lat' dir='ltr'>forma</span> <span class='ocrx_word' id='word_1_264' title='bbox 689 3541 811 3610; x_wconf 86' lang='lat' dir='ltr'>tempora</span> <span class='ocrx_word' id='word_1_265' title='bbox 833 3557 923 3596; x_wconf 87' lang='lat' dir='ltr'>rorum</span> <span class='ocrx_word' id='word_1_266' title='bbox 940 3558 957 3596; x_wconf 90' lang='grc'>6</span> <span class='ocrx_word' id='word_1_267' title='bbox 974 3557 1022 3594; x_wconf 91' lang='grc'>666</span> <span class='ocrx_word' id='word_1_268' title='bbox 1040 3541 1140 3594; x_wconf 83' lang='grc'>66666</span> <span class='ocrx_word' id='word_1_269' title='bbox 1157 3538 1228 3594; x_wconf 86' lang='lat' dir='ltr'>retro</span> <span class='ocrx_word' id='word_1_270' title='bbox 1247 3551 1357 3604; x_wconf 88' lang='lat' dir='ltr'>compu-</span> 
     </span>
     <span class='ocr_line' id='line_1_33' title="bbox 359 3625 1358 3700; baseline -0.007 -13"><span class='ocrx_word' id='word_1_271' title='bbox 359 3631 448 3699; x_wconf 87' lang='lat' dir='ltr'>tandi)</span> <span class='ocrx_word' id='word_1_272' title='bbox 467 3631 562 3685; x_wconf 82' lang='lat' dir='ltr'>saltem</span> <span class='ocrx_word' id='word_1_273' title='bbox 581 3631 682 3700; x_wconf 84' lang='lat' dir='ltr'>viginti</span> <span class='ocrx_word' id='word_1_274' title='bbox 698 3625 783 3696; x_wconf 75' lang='lat' dir='ltr'>locos,</span> <span class='ocrx_word' id='word_1_275' title='bbox 808 3631 874 3686; x_wconf 91' lang='lat' dir='ltr'>dnos</span> <span class='ocrx_word' id='word_1_276' title='bbox 899 3633 981 3686; x_wconf 88' lang='lat' dir='ltr'>etiam</span> <span class='ocrx_word' id='word_1_277' title='bbox 1000 3631 1157 3692; x_wconf 85' lang='lat' dir='ltr'>contrarios,</span> <span class='ocrx_word' id='word_1_278' title='bbox 1183 3627 1300 3683; x_wconf 88' lang='lat' dir='ltr'>alterum</span> <span class='ocrx_word' id='word_1_279' title='bbox 1319 3627 1358 3692; x_wconf 88' lang='lat' dir='ltr'>Il,</span> 
     </span>
     <span class='ocr_line' id='line_1_34' title="bbox 360 3705 1360 3792; baseline -0.008 -12"><span class='ocrx_word' id='word_1_280' title='bbox 360 3727 402 3787; x_wconf 81' lang='lat'>65,</span> <span class='ocrx_word' id='word_1_281' title='bbox 418 3727 443 3790; x_wconf 77' lang='lat'>2,</span> <span class='ocrx_word' id='word_1_282' title='bbox 453 3722 518 3777; x_wconf 89' lang='lat' dir='ltr'>adeo</span> <span class='ocrx_word' id='word_1_283' title='bbox 527 3721 669 3776; x_wconf 84' lang='lat' dir='ltr'>manifesto</span> <span class='ocrx_word' id='word_1_284' title='bbox 678 3740 789 3792; x_wconf 88' lang='lat' dir='ltr'>pravum</span> <span class='ocrx_word' id='word_1_285' title='bbox 807 3727 895 3792; x_wconf 84' lang='lat' dir='ltr'>(post</span> <span class='ocrx_word' id='word_1_286' title='bbox 912 3725 1025 3779; x_wconf 89' lang='lat' dir='ltr'>urbem</span> <span class='ocrx_word' id='word_1_287' title='bbox 1043 3705 1214 3778; x_wconf 78' lang='lat' dir='ltr'>conditam</span> <span class='ocrx_word' id='word_1_288' title='bbox 1233 3719 1360 3774; x_wconf 89' lang='lat' dir='ltr'>abhinc</span> 
     </span>
     <span class='ocr_line' id='line_1_35' title="bbox 359 3813 1358 3881; baseline -0.006 -11"><span class='ocrx_word' id='word_1_289' title='bbox 359 3817 458 3870; x_wconf 82' lang='lat' dir='ltr'>aunis</span> <span class='ocrx_word' id='word_1_290' title='bbox 476 3813 688 3881; x_wconf 89' lang='lat' dir='ltr'>DCCVIIII),</span> <span class='ocrx_word' id='word_1_291' title='bbox 719 3819 751 3869; x_wconf 88' lang='lat' dir='ltr'>ut</span> <span class='ocrx_word' id='word_1_292' title='bbox 776 3815 891 3870; x_wconf 85' lang='lat' dir='ltr'>Haasins</span> <span class='ocrx_word' id='word_1_293' title='bbox 916 3818 1040 3871; x_wconf 88' lang='lat' dir='ltr'>abhinc</span> <span class='ocrx_word' id='word_1_294' title='bbox 1058 3814 1211 3878; x_wconf 89' lang='lat' dir='ltr'>sustulerit,</span> <span class='ocrx_word' id='word_1_295' title='bbox 1240 3813 1358 3866; x_wconf 86' lang='lat' dir='ltr'>alterum</span> 
     </span>
     <span class='ocr_line' id='line_1_36' title="bbox 358 3904 1359 3978; baseline -0.003 -18"><span class='ocrx_word' id='word_1_296' title='bbox 358 3907 399 3970; x_wconf 90' lang='lat' dir='ltr'>H,</span> <span class='ocrx_word' id='word_1_297' title='bbox 433 3909 498 3971; x_wconf 87' lang='lat'>103,</span> <span class='ocrx_word' id='word_1_298' title='bbox 522 3909 552 3970; x_wconf 83' lang='lat'>2,</span> <span class='ocrx_word' id='word_1_299' title='bbox 575 3906 623 3960; x_wconf 92' lang='lat' dir='ltr'>ubi</span> <span class='ocrx_word' id='word_1_300' title='bbox 647 3923 708 3960; x_wconf 90' lang='lat' dir='ltr'>oum</span> <span class='ocrx_word' id='word_1_301' title='bbox 733 3907 893 3976; x_wconf 78' lang='lat' dir='ltr'>precederet</span> <span class='ocrx_word' id='word_1_302' title='bbox 919 3912 998 3978; x_wconf 89' lang='lat' dir='ltr'>post</span> <span class='ocrx_word' id='word_1_303' title='bbox 1031 3907 1146 3962; x_wconf 85' lang='lat' dir='ltr'>urbem</span> <span class='ocrx_word' id='word_1_304' title='bbox 1184 3904 1359 3964; x_wconf 89' lang='lat' dir='ltr'>conditam</span> 
     </span>
     <span class='ocr_line' id='line_1_37' title="bbox 358 3995 1359 4064; baseline -0.005 -10"><span class='ocrx_word' id='word_1_305' title='bbox 358 3999 457 4054; x_wconf 87' lang='lat' dir='ltr'>annis</span> <span class='ocrx_word' id='word_1_306' title='bbox 474 3995 677 4064; x_wconf 87' lang='lat' dir='ltr'>DCCLIIII,</span> <span class='ocrx_word' id='word_1_307' title='bbox 696 3997 796 4054; x_wconf 88' lang='lat' dir='ltr'>factum</span> <span class='ocrx_word' id='word_1_308' title='bbox 809 4002 944 4056; x_wconf 85' lang='lat' dir='ltr'>estetiam</span> <span class='ocrx_word' id='word_1_309' title='bbox 961 3999 1087 4055; x_wconf 90' lang='lat' dir='ltr'>abhinc</span> <span class='ocrx_word' id='word_1_310' title='bbox 1104 3997 1204 4052; x_wconf 91' lang='lat' dir='ltr'>aunis</span> <span class='ocrx_word' id='word_1_311' title='bbox 1222 3996 1359 4062; x_wconf 87' lang='lat' dir='ltr'>XXVII,</span> 
     </span>
     <span class='ocr_line' id='line_1_38' title="bbox 357 4089 698 4162; baseline 0 -16"><span class='ocrx_word' id='word_1_312' title='bbox 357 4089 428 4162; x_wconf 80' lang='lat' dir='ltr'>quod</span> <span class='ocrx_word' id='word_1_313' title='bbox 445 4089 561 4146; x_wconf 79' lang='lat' dir='ltr'>Haustus</span> <span class='ocrx_word' id='word_1_314' title='bbox 576 4090 698 4146; x_wconf 74' lang='grc'>66666616.</span> 
     </span>
    </p>
   </div>
   <div class='ocr_carea' id='block_1_5' title="bbox 0 0 1482 4664">
    <p class='ocr_par' dir='ltr' id='par_1_5' title="bbox 0 0 1482 4664">
     <span class='ocr_line' id='line_1_39' title="bbox 0 0 1482 4664; baseline 0 0"><span class='ocrx_word' id='word_1_315' title='bbox 0 0 1482 4664; x_wconf 95' lang='lat' dir='ltr'> </span> 
     </span>
    </p>
   </div>
  </div>
 </body>
</html>
