2954 4664
301 263 360 332 152
739 265 840 342 nini.

262 461 353 544 οἶκος
375 457 414 526 νο
444 463 598 554 πρῶτον,
627 458 671 536 οἷς
692 457 736 526 ἄν
764 457 997 546 ἐπισημότατα
1021 467 1170 548 οἰκοίην,
1200 470 1253 532 καὶ
1277 461 1318 532 ια’

238 570 345 652 ,περὶ
361 564 398 632 τό
422 565 508 635 c'r'orv
530 563 643 658 reduto
667 562 853 653 ὠνησάμην,
880 567 946 655 ἤδη
974 567 1066 655 πλήν
1097 569 1158 636 ὅσα
1181 567 1322 657 Ἰσθμοῖ

261 674 315 738 καὶ
335 675 468 748 Πυθοῖ,
493 678 546 740 καὶ
571 683 607 742 ἐν
629 671 797 744 Ἐλευσῖνι
820 673 882 738 ὅσα
907 679 961 742 ἐπὶ
986 676 1142 762 θαλάττῃ
1165 680 1219 742 καὶ
1243 681 1320 764 περὶ

258 773 493 862 τονἿοθμόν
521 775 616 869 ὀλίγα
644 785 712 848 τών
740 773 881 864 ‹lyricos›
909 791 1024 856 ἕνεκα,
1053 787 1188 850 εἴποτε
1212 779 1254 869 δή
1279 782 1320 850 το

239 871 244 896 ³
252 882 408 971 Ἴσθμιον
424 880 687 980 ἐπιοιῃιιήσαιμι,
716 891 770 952 καὶ
793 882 831 951 το
856 883 1044 956 Σικυώνιον
1065 891 1194 964 πεδίον,
1208 915 1238 956 ιι.
1250 917 1279 956 e.
1292 894 1321 959 t.

260 989 340 1054 Mire
373 1009 418 1055 er·
441 993 555 1076 Atticis
594 994 838 1076 possessionibus
877 995 1068 1076 excipiuntur
1100 997 1256 1062 Isthmicae
1291 1000 1323 1061 et

262 1097 411 1180 Pythicae,
434 1119 501 1182 quae
512 1099 625 1164 Atticae
647 1118 709 1180 non
731 1100 811 1172 sunt,
833 1118 890 1164 nec
911 1102 1014 1166 minus
1035 1103 1113 1166 mire
1127 1101 1177 1166 hic
1191 1102 1324 1166 Isthmia

264 1206 296 1268 et
315 1203 464 1286 Delphica
485 1203 821 1286 antellleusinia‚'quae
842 1205 874 1268 in
886 1205 992 1270 Attica
1013 1208 1095 1283 sunt,
1117 1206 1324 1285 nominantur,

264 1309 331 1374 turn
353 1309 466 1373 iterum
479 1309 620 1374 Isthmia.
635 1308 760 1374 Codices
783 1309 978 1387 (Marcianus
993 1313 1026 1375 et
1046 1313 1113 1395 alii)
1134 1331 1188 1394 pro
1203 1314 1325 1378 Πνθοῑ

263 1415 378 1478 habent
399 1416 512 1488 λίθοι,
538 1413 725 1490 rectissima
756 1434 828 1484 uam
851 1415 957 1479 omnia
978 1416 1060 1482 cirea
1081 1419 1189 1482 urbem
1211 1419 1325 1484 coemit

261 1519 352 1584 horno
385 1521 487 1586 subito
520 1520 649 1594 fortunae
679 1520 745 1584 rivo
778 1521 935 1586 inauratus
966 1523 1101 1604 exceptis
1133 1523 1262 1588 desertis
1293 1527 1326 1588 et

259 1625 458 1690 infructuosis
481 1625 612 1708 (tesquis
630 1626 662 1688 et
678 1626 786 1703 saris),
809 1645 875 1708 quae
896 1627 1065 1690 contemnit
1087 1629 1119 1692 et
1139 1629 1209 1694 aliis
1230 1630 1325 1694 relin-

262 1731 338 1813 quit.
386 1731 493 1814 Itaque
514 1731 547 1794 in
569 1725 710 1814 Ἰσθμοῖ
730 1731 820 1809 latet
840 1730 922 1814 qnod
943 1731 1023 1796 saris
1045 1734 1219 1815 respondet,
1241 1729 1326 1821 οὐχ’-

259 1837 331 1920 μοί,
353 1838 388 1900 ut
409 1837 465 1902 sit:
488 1835 581 1920 πλήν
603 1833 665 1902 ὅσα
689 1827 840 1919 αὐχμοὶ
863 1837 918 1900 καὶ
941 1837 1045 1902 λίθοι.

362 1942 485 2019 (XLVI)
518 1943 555 2008 In
577 1943 695 2008 Latinis
716 1941 801 2006 idem
830 1942 992 2020 accidisse,
1027 1943 1161 2024 primunr
1182 1945 1327 2012 ostendet

261 2039 390 2132 Turpilii
411 2049 594 2130 exemplum,
616 2048 702 2112 cuius
723 2067 740 2112 e
757 2048 935 2130 Philopatro
950 2049 1098 2113 comendis
1112 2049 1177 2114 haec
1192 2051 1328 2116 citantur

263 2155 344 2237 apud
364 2155 500 2220 Nonium
522 2176 552 2238 p.
576 2155 652 2218 281:

348 2331 349 2336 ἵ
775 2260 867 2324 Forte
891 2280 925 2325 eo
949 2261 998 2326 die

281 2427 284 2436 ,
346 2367 526 2434 Meretrices
551 2366 591 2430 ad
611 2385 662 2430 me
685 2367 722 2432 de
743 2366 870 2430 lenitate
893 2367 1005 2432 Atticae
1047 2369 1062 2430 t

1063 2443 1070 2455 Ἴ

346 2472 557 2536 Convenerunt
578 2471 832 2552 condixerantque
859 2491 975 2537 caenam
996 2472 1078 2554 apud
1099 2492 1150 2536 me

348 2578 442 2644 Thais
464 2578 555 2670 atque
576 2577 727 2653 Erotium,
748 2575 917 2658 Antiphila,
940 2577 1077 2662 Pythias.

365 2683 536 2764 scripserat
553 2683 673 2764 poeta:
713 2681 900 2748 llerotrices
927 2681 970 2748 ad
999 2701 1049 2748 me
1084 2681 1124 2748 de
1160 2681 1328 2748 vicinitate

264 2789 379 2874 aliquae
404 2789 712 2854 Convenerunt‘cet.
756 2790 801 2854 Er
828 2808 888 2871 qua
913 2789 988 2854 urbe
1016 2790 1119 2852 essent
1140 2787 1327 2866 meretrices,

266 2915 332 2978 quae
354 2895 568 2966 convenissent
589 2893 628 2956 a'd
658 2912 742 2972 eam,
771 2914 837 2976 quae
859 2893 1047 2976 loqueretur,
1072 2912 1147 2977 sane
1167 2913 1228 2958 non
1251 2913 1328 2975 opus

264 3002 330 3065 erat
352 3001 426 3078 dici,
454 3000 598 3082 quoniam
620 3001 790 3066 necessario
812 3019 848 3064 ex
869 3000 983 3064 eadom'
998 3001 1096 3077 erant,
1123 2999 1154 3062 in
1178 3018 1238 3082 qua
1260 3000 1357 3082 ipen·

266 3107 349 3170 esset
370 3107 402 3169 et
422 3105 607 3188 loqueretur.
646 3179 648 3188 Ι
859 3177 862 3184 ,
1068 3104 1071 3109 ’

366 3211 525 3289 (riuvin-
546 3209 663 3274 Seneea
696 3212 773 3278 rhet.
811 3231 841 3293 p.
869 3213 929 3275 319
961 3211 1048 3288 (291)
1082 3211 1114 3274 in
1149 3208 1329 3290 praefatione

263 3317 390 3381 11an
419 3317 506 3396 (olim
527 3315 567 3397 V)
602 3318 877 3382 controversiarum
910 3337 976 3400 quae
1003 3317 1042 3380 de
1071 3315 1177 3400 scauri
1207 3315 1329 3398 ingenio

207 3455 209 3460 ·
264 3421 382 3490 desidia
403 3423 542 3505 corrupto
562 3423 647 3500 dicit,
669 3423 717 3488 his
731 3425 831 3488 verbis
848 3423 1017 3488 concludit:
1040 3421 1330 3486 Declamantem

265 3530 481 3593 audivimus
505 3530 541 3592 et
566 3519 781 3593 nouissime
804 3530 954 3612 quidem
971 3528 1015 3606 M.
1033 3527 1172 3609 Lepido
1193 3527 1250 3590 ita
1271 3527 1332 3604 ut,

267 3635 364 3716 quod
387 3635 674 3700 difficillimum
697 3636 795 3711 erat,
826 3635 903 3698 sibi
932 3633 1177 3714 displiceret.
1220 3631 1329 3714 Neque

267 3740 306 3804 ad
327 3759 393 3804 rem
414 3741 558 3822 pertinet,
581 3741 635 3806 nbi
656 3739 788 3820 Scaurus
803 3741 958 3820 postremo
980 3736 1330 3824 declamaverit‚7nequc

266 3846 356 3910 horno
380 3846 550 3936 senatorius
572 3845 605 3910 in
628 3846 774 3910 alienaet
787 3843 908 3925 privata
929 3843 1020 3908 domo
1034 3841 1332 3924 declamauitneque

270 3950 372 4015 dativo
394 3951 475 4016 ullus
501 3953 534 4016 in
561 3971 598 4016 ea
626 3971 659 4015 re
689 3933 890 4032 significanda
916 3949 999 4030 locus
1028 3947 1076 4010 cst
1104 3951 1169 4030 (pro
1191 3966 1225 4012 eo
1249 3948 1331 4030 quod

271 4058 333 4122 est:
357 4057 454 4140 apud
474 4057 518 4122 M.
540 4057 746 4140 Lepidum).
783 4053 901 4120 Seneca
922 4055 1099 4136 scripserat:
1121 4053 1331 4118 novissime
