3004 4676
628 305 689 362 Lib.
708 306 755 361 IV.
1121 305 1181 370 487

162 522 319 594 γυναῖκες
341 499 487 587 οἷνδρών,
509 510 540 570 οἱ
563 499 592 571 δ’
615 502 736 602 ἄνδρες
750 508 884 590 θηρίων
906 515 1040 592 εἷ’χουσιν
1062 501 1224 573 εὐτονίαν

165 618 217 681 καὶ
241 605 359 697 α’λκην.
394 612 474 677 Seu:
505 617 541 676 ἐν
563 608 815 684 τοῖς-πόνοις.
853 611 927 691 (Gir.
949 613 1094 689 cdxlv,
1118 614 1201 696 113.)

262 721 329 785 Lib.
346 718 424 795 XI,
465 717 482 778 5
517 715 664 782 excidisse
695 718 834 800 quaedam
871 719 1006 784 ostendit
1034 737 1092 782 neu
1125 720 1223 784 solum

162 831 237 911 μέν,
273 824 354 910 qued
374 821 550 888 Diudorfius
571 823 636 887 tulli
653 813 734 898 'vult
754 823 808 888 sed
829 820 912 908 ἅμα.
956 825 1129 907 scripserat
1147 825 1224 890 Dio·

163 935 253 998 dorus
274 931 313 996 ad
324 929 402 994 hanc
417 927 563 993 formum:
587 923 786 994 α’πέστειλεν
809 922 971 1018 α’γγέλους
983 981 1009 996 ..
1026 979 1032 994 .
1046 924 1107 994 τοτ’
1111 954 1128 1002 ς
1150 926 1222 1012 ἅμα

162 1043 228 1122 μὲν
251 1038 568 1118 κατασκεψομένους
590 1029 688 1108 τούς
709 1029 883 1111 τόπους,
907 1032 992 1121 ἅμα
1017 1037 1055 1101 δὲ
1078 1059 1223 1100 πευσο-

160 1149 329 1228 μένους,
352 1142 426 1207 τίνα
459 1135 614 1206 διύνσιαν
645 1148 756 1227 ε”χσυσι
786 1167 815 1207 ιι.
838 1168 866 1207 τ.
891 1145 919 1206 λ.
966 1142 1080 1208 Noouit
1111 1141 1222 1206 similis

161 1251 338 1317 terminatio
359 1245 598 1332 participiorum.

220 1402 223 1411 ·
261 1355 326 1420 Ibd.
363 1354 418 1417 111
460 1352 514 1416 καὶ
553 1348 619 1434 τήν
660 1352 728 1416 τῶν
767 1354 908 1435 Περσῶν
945 1356 978 1419 δὲ
1014 1348 1224 1436 κατάπληξιν

161 1456 223 1529 σύκ
246 1459 289 1526 ὀίν
318 1485 370 1532 τις
397 1452 582 1542 σῖπιστήσοι
614 1462 784 1543 γενέσθαι.
833 1459 955 1525 Excidit
982 1461 1149 1546 μεγίστην
1171 1460 1224 1522 aut

161 1569 262 1634 simile
284 1565 469 1632 adiectivum
493 1567 564 1628 aute
586 1568 758 1648 γενέσθαι.

259 1671 328 1737 lbd.
359 1672 414 1734 13:
452 1665 535 1734 σ’ίστε
569 1669 681 1735 δοκεῖν
708 1667 746 1736 τύ
774 1679 874 1736 θεῖον
896 1665 1221 1754 α’ντιλσιμβύυεσθαι

159 1777 227 1843 τῶν
248 1771 432 1860 Ἑλλήνων.
469 1775 592 1842 Graecis‘
606 1767 861 1862 συλλαμβάνειν
883 1778 978 1844 videri
999 1778 1141 1860 poteraut
1161 1775 1223 1850 dii;

159 1875 483 1966 σι’ντιλαμβσίνισθαί
515 1906 607 1954 τινος
643 1883 680 1948 de
708 1901 838 1965 persona
863 1881 954 1966 lenge
982 1883 1072 1948 aliter
1100 1881 1221 1950 dicitur.

159 1990 276 2055 Scrib.:
299 1990 367 2053 τῶν
387 1982 655 2069 Ἑλληνικῶν,
679 1989 770 2054 rebus
792 1987 908 2054 Graecis
932 1988 1124 2053 intervenire.
1186 2043 1188 2048 ,

259 2095 325 2160 Ibd.
366 2096 406 2156 10
447 2096 569 2161 scrib.:‘
600 2096 654 2168 καὶ
687 2097 784 2180 χωρὶς
822 2096 906 2166 ναῦς
948 2093 1125 2178 φορτίδας,
1159 2087 1223 2164 τιίς

159 2196 363 2286 κομιζούσας
398 2196 463 2284 τήν
499 2193 642 2287 α’γορσίν,
677 2194 762 2284 ύπὲρ
796 2195 856 2272 τύς
891 2201 1087 2285 τρισχιλίας,
1120 2199 1222 2264 deleto

155 2305 297 2388 πολλαὶς,
320 2306 399 2392 qucd
421 2307 544 2372 additur
564 2309 646 2372 iuter
667 2307 765 2392 χωρὶς
787 2309 820 2372 et
841 2307 934 2378 ναῦς.

255 2414 322 2478 lbd.
346 2413 403 2476 111
427 2413 481 2477 καὶ
497 2409 602 2485 ἄλλος
616 2407 738 2489 (πύλας
751 2413 875 2489 Γέλων)
892 2401 1221 2494 προσκατεσκεύασε,

156 2511 198 2584 δι’
221 2507 268 2583 ὧν
285 2510 328 2604 ἦν
350 2511 532 2604 εύχρηστός
555 2545 592 2582 τε
615 2512 701 2600 πρός
722 2512 784 2588 acic
806 2509 1071 2603 κατεπειγούσας
1098 2515 1220 2600 χρείας.

154 2625 311 2690 Lacunam
346 2643 412 2690 essa
440 2625 551 2706 putant
577 2615 646 2707 pest
672 2624 794 2709 χρείας.
849 2623 1065 2688 Scribendum:
1095 2613 1138 2686 δι’
1172 2607 1221 2685 οἷν

155 2722 200 2812 ἦν
234 2725 561 2816 εύχρηστεῖσθαι
596 2723 682 2813 πρός
709 2724 770 2801 τύς
800 2727 1067 2815 κατεπειγούσας
1097 2729 1220 2814 χρείας.

155 2836 217 2902 (tir.
253 2837 297 2914 V,
338 2836 393 2897 111
437 2828 721 2919 εὐχρηστούμενοι
760 2830 843 2908 κατα
889 2834 997 2901 πολλα
1043 2830 1098 2900 ced
1139 2831 1220 2908 τούς

156 2935 340 3025 ἐμπύρους.

255 3047 322 3112 Ibd.
353 3047 406 3110 111
442 3045 594 3118 καὶτοῖς
619 3059 747 3127 φωναῖς
778 3061 854 3120 ταῖς
884 3048 993 3112 ἐλπίσι
1035 3047 1095 3130 της
1123 3047 1219 3129 νίκης

153 3157 364 3236 ἐπαρθέντες
384 3165 455 3225 τοῖς
477 3144 695 3236 φρονήμασιν
718 3157 888 3218 ἐπέκειντο
912 3148 1126 3237 θρασύτερον
1149 3165 1219 3224 τοῖς

150 3254 350 3343 βαρβάροις.
399 3249 777 3340 11919111ταῖςησινοῑς.
822 3257 910 3322 Unde
931 3262 1053 3324 ortum?
1096 3259 1213 3324 Sede-2

154 3366 208 3430 καὶ
231 3377 305 3436 ταῖς
327 3365 452 3448 ιγανεί
463 3389 554 3436 σαις
577 3363 688 3429 ἐλπίσι
714 3364 775 3444 τῆς
797 3365 901 3446 νίκης.

252 3471 317 3536 Ibd.
352 3472 407 3534 131
441 3473 495 3536 καλ
524 3465 616 3553 πυροί
644 3474 710 3552 μὲν
743 3483 812 3540 τοῖς
849 3469 995 3553 Πέρσαις
1028 3469 1216 3552 διαπεφευ-

120 3595 125 3601 ·
152 3578 246 3660 γε’ναι
284 3571 344 3640 τόν
370 3579 511 3660 βασιλέα
545 3578 599 3642 καὶ
633 3571 761 3647 πολλύς
787 3569 956 3658 μυριάδας
986 3573 1061 3658 μετ’
1089 3569 1213 3649 αὐτοί,

152 3675 245 3765 παριί
265 3680 299 3746 dt
331 3695 402 3753 τοῖς
430 3680 679 3766 Καρχηδονίοις
704 3675 755 3766 μη
785 3671 897 3764 μόνον
924 3675 1116 3745 α’πσλὲσθαι
1149 3675 1214 3746 τόν

153 3783 355 3874 στρατηγόν,
377 3779 462 3852 α’λλοί
487 3789 541 3852 καὶ
565 3812 594 3853 κ.
617 3811 647 3851 τ.
671 3789 700 3850 λ.
744 3787 865 3851 Excidit
889 3790 1014 3871 συνέβη
1036 3790 1091 3850 aut
1111 3786 1215 3852 simile

151 3894 288 3958 verbum.
325 3893 433 3976 Neque
459 3893 541 3957 enim
562 3894 633 3976 post
655 3892 820 3976 ἐποίησαν
842 3892 934 3960 rediri
956 3894 1058 3975 petest
1079 3891 1118 3954 ad
1143 3909 1213 3956 aen·

150 3999 281 4064 tentiam
302 4017 417 4084 eorum,
441 3998 492 4080 qui
513 3998 698 4064 alterisutu's
719 3997 921 4081 principatum
945 3998 1130 4064 deferebant.

250 4103 316 4169 lbd.
356 4103 410 4167 161
448 4096 662 4188 Ἐπιβύλετο
698 4104 731 4169 δὲ
764 4100 907 4185 ὕστερον
943 4107 997 4169 καὶ
1027 4099 1110 4168 κατά
1146 4097 1210 4186 την
1309 4111 1311 4118 “
