3000 4668
299 265 359 327 312
724 263 784 320 Lib.
802 263 854 321 III.

257 467 348 547 rupta
390 464 578 547 gravitaret
605 461 791 545 interpolata
819 481 887 526 esso
914 465 970 530 illa
995 466 1072 550 τρία
1091 469 1158 556 μὲν
1185 473 1244 550 ἕνη
1265 479 1322 530 neo

257 570 321 636 ulla
342 570 462 634 numeri
485 569 653 634 mutatione
665 567 778 633 sanari
799 586 897 650 posse,¹
917 570 978 636 nisi
999 571 1232 640 simultollatnr
1245 574 1319 654 μέν.

256 675 371 740 Verum
392 675 460 758 ipse
481 673 626 757 temporis
657 661 839 757 significatio
868 677 1041 742 necessaria
1069 697 1129 752 nou
1152 678 1219 754 ast;
1249 695 1322 742 con·

256 780 373 844 tinetur
404 780 490 845 anim
517 781 580 846 illis
612 780 667 845 καὶ
706 772 748 860 ου
773 773 944 862 πρότερον
976 775 1135 850 ovtdcoav
1170 807 1201 848 a.
1231 809 1260 848 u.
1290 785 1320 846 λ.

256 886 411 950 Numerus
448 886 599 950 ternarius
636 885 770 967 pertinet
801 885 844 952 ad
874 887 980 957 arnor
1014 905 1069 970 pro
1103 889 1171 953 unis
1206 888 1321 964 hostes,

255 991 379 1072 priores,
402 990 584 1068 Sicilienses,
607 991 707 1056 socios
721 991 946 1076 desciscentes.
992 992 1072 1072 Quid
1085 994 1183 1058 lateat
1203 993 1236 1058 in
1256 997 1321 1078 μὲν

257 1105 326 1180 ἔτη,
348 1099 430 1161 certo
451 1097 554 1162 dicere
575 1113 708 1180 nequem
734 1098 819 1162 venit
845 1100 951 1162 tamen
978 1097 1012 1162 in
1040 1101 1178 1164 montem
1200 1100 1321 1182 Thucy·

256 1203 359 1268 didem
382 1202 560 1284 scripsisse:
596 1198 690 1286 ὅμως
723 1209 763 1276 ἐς
784 1202 861 1287 τρία
889 1203 994 1288 μέρη
1022 1207 1221 1286 (accrescit)
1260 1199 1321 1270 α’ν-

256 1322 379 1394 τεῑχον,
412 1322 483 1381 τοῖς
513 1333 549 1373 aa
573 1302 740 1393 audaeana
761 1303 949 1394 ὑπάρχουσι
973 1312 1152 1392 πολεμίοις
1180 1337 1209 1376 a.
1237 1339 1267 1376 a.
1291 1315 1320 1376 λ.

356 1415 423 1479 Ibd.
446 1416 496 1492 70,
516 1417 552 1480 3:
576 1411 734 1499 ἐνόμιζον
755 1409 820 1502 γοίρ
843 1410 888 1480 civ
915 1417 1077 1499 κρατῆσαι
1108 1418 1170 1501 τῆς
1190 1411 1321 1489 πόλεως

255 1509 279 1606 ᾖ
306 1513 502 1604 ἐβούλοντο,
551 1521 621 1586 Non
643 1521 745 1604 agitur
782 1521 820 1584 de
847 1521 938 1586 modo
965 1522 1102 1604 potiendi
1128 1525 1216 1598 urhe;
1246 1525 1320 1588 scri-

255 1625 408 1690 bendum:
453 1630 488 1691 εἰ
525 1619 721 1711 ἐβούλοντο.
776 1627 976 1692 Voluntatem
1013 1628 1148 1693 defuisse
1192 1631 1320 1712 populus

255 1731 464 1796 insimulabat.
600 1763 604 1772 ¹

355 1837 422 1902 Ibd.
456 1839 509 1911 75,
538 1837 573 1901 4:
602 1833 686 1902 ὥστε
714 1831 795 1909 τούς
829 1840 1073 1922 ἐργαζομένους
1097 1841 1150 1904 καί
1173 1833 1215 1904 τοί
1239 1831 1320 1914 ξύλα

255 1937 352 2026 μήτε.
366 1939 552 2028 πυρφόροις
574 1947 700 2015 οἰστοῖς
720 1934 915 2028 βάλλεσθαι
933 1950 971 2009 ἐν
982 1938 1149 2028 αόφαλοίᾳ
1171 1969 1210 2010 τε
1223 1944 1320 2012 εἶναι.

255 2047 325 2112 Nou
352 2051 433 2112 recte
465 2049 531 2114 haeo
559 2052 708 2132 tanquam
734 2049 793 2113 duo
821 2049 942 2114 diversa
966 2051 1127 2132 particulis
1153 2043 1322 2135 μήτε-τέ

254 2152 493 2236 distinguuntur.
543 2154 627 2238 Opus
648 2155 830 2223 facientibus
857 2173 918 2220 non
940 2155 997 2220 soli
1012 2149 1187 2240 ’πυρφόροι
1212 2155 1321 2222 οἰοτοί

255 2259 380 2326 molesti
401 2262 497 2326 erant.
520 2259 737 2326 scribendum:
760 2253 847 2345 μήτε
870 2255 1059 2346 πυρφόροις
1079 2255 1172 2346 μήν’
1194 2265 1319 2334 οἰστοῖς

254 2356 492 2447 ‘tollendus'
477 2391 513 2430 εν
543 2359 708 2450 α’σφαλείᾳ
736 2393 772 2432 τε
805 2366 901 2432 εἶναι.
956 2363 1135 2453 Πυρφόρα
1153 2369 1193 2433 ad
1224 2369 1318 2452 ligna,

254 2469 377 2553 sagittae
401 2469 441 2534 ad
466 2489 541 2554 opus
568 2471 726 2540 facientes
746 2475 911 2556 pertinent,
947 2475 1161 2626 superadditur
1192 2473 1320 2538 effectus

254 2576 294 2640 ad
310 2578 456 2666 utrosque
477 2579 642 2659 pertinens.

343 2681 426 2746 Ibd.
439 2681 490 2758 83
512 2687 545 2746 l:
569 2685 647 2767 περι
669 2707 732 2754 τας
753 2707 861 2755 αυτας
882 2677 1012 2768 ἡμέρας
1033 2684 1095 2768 τῆς
1118 2687 1154 2746 ἐν
1179 2675 1318 2767 Saunium

254 2780 376 2872 μα’χης.
414 2787 597 2856 Certissima
617 2790 687 2873 lega
709 2790 742 2854 et
762 2789 1008 2871 frequentissimo
1029 2809 1088 2855 usu
1106 2787 1318 2854 scribendum:

255 2895 333 2978 περὶ
355 2890 418 2966 τας
440 2887 547 2967 αὐτας
567 2889 697 2980 ἡμέρας
718 2894 766 2981 τῇ
787 2900 823 2958 ἐν
846 2887 985 2979 Scodra
1008 2886 1127 2982 μοίχη.
1180 2895 1234 2968 IV,
1259 2894 1318 2956 101

254 3003 344 3064 exta:
367 2993 547 3066 α’πίθανεν
571 2995 641 3066 υπὸ
663 2995 724 3072 τοὶς
747 2993 854 3072 αὐτας
875 2987 1101 3087 &orliaco-auin
1122 3001 1177 3066 eal
1196 2999 1319 3085 Δηλίῳ.

253 3105 307 3182 lv,
333 3107 402 3183 129,
419 3109 452 3168 2:
474 3099 543 3172 duo*
560 3104 626 3192 γοὶρ
643 3099 706 3172 τόν
722 3100 830 3172 αὐτόν
840 3101 963 3192 χρόνον
980 3121 1053 3180 τοῖς
1068 3115 1105 3174 ἐν
1125 3108 1168 3193 τῇ
1180 3099 1318 3192 Arianae.

255 3210 491 3276 Genus'erroris
513 3213 618 3280 notari
639 3234 669 3295 p.
695 3213 745 3276 67.
792 3213 886 3295 Apud
907 3214 1011 3295 ipsum
1033 3212 1246 3296 Thucydidem
1264 3213 1318 3289 IV,

254 3317 306 3394 46,
331 3319 345 3378 1
373 3318 458 3381 recte
481 3317 622 3384 Dohreus
651 3320 694 3395 (et
715 3319 906 3402 Kruegerus)
932 3320 975 3406 τῇ
1005 3309 1146 3405 Ἰοοιίνη
1173 3337 1228 3400 pro
1258 3318 1320 3398 τῆς

255 3419 424 3510 'losduno
446 3424 617 3490 neominus
628 3425 685 3500 HI,
702 3424 752 3502 82,
776 3425 912 3506 hPoppo
937 3417 1062 3507 ὠφελίᾳ
1084 3441 1138 3505 pro
1163 3417 1320 3507 α’φιλίας,

253 3531 397 3613 idemque
417 3532 523 3596 contra
546 3533 589 3609 (at
609 3530 798 3614 Kruegerus)
821 3529 907 3608 VIII,
938 3529 988 3602 97,
1012 3531 1027 3589 l
1051 3515 1120 3594 iuro
1145 3529 1320 3612 μηδεμιᾶς

255 3629 358 3721 α’ρχῆς
380 3655 437 3719 pro
456 3636 608 3720 μηδεμιᾷ
636 3630 756 3724 α’ρχῄκ
786 3635 997 3719 Xenophontis
1017 3635 1107 3700 anab.
1129 3635 1199 3712 VII,
1227 3635 1256 3711 6,·
1278 3635 1321 3697 30

253 3745 287 3806 et
296 3743 435 3808 Platonis
446 3743 527 3826 legg.
540 3743 623 3824 IVp.
640 3742 700 3805 718
713 3743 742 3806 D
753 3759 808 3806 suo
820 3742 887 3806 loeo
909 3741 1070 3825 corrigam
1105 3740 1142 3804 In
1160 3740 1320 3805 Plutarchi

254 3847 363 3912 Pericl.
378 3851 393 3908 1
406 3849 489 3918 rante
499 3847 641 3912 Reishius
660 3848 722 3932 της
733 3848 868 3932 πληγῆς
880 3866 935 3929 pro
951 3848 993 3934 τη·
1006 3847 1131 3934 πληγῇ,
1167 3837 1318 3912 Diodorus

255 3953 463 4032 Siamus,
473 3955 510 4018 nt
519 3971 600 4017 nuuc
611 3948 817 4028 scribitur(aoi
830 3953 892 4037 τῆς
901 3951 1062 4025 Κιλικίας
1074 3951 1319 4036 συνορίζοντα),

254 4057 367 4144 Cyrum
378 4061 493 4132 narrat,
509 4059 674 4141 autequam
690 4059 730 4123 ed
740 4059 818 4123 fines
840 4058 954 4124 Ciliciae
975 4058 1318 4144 perueniratmaoeys-
