2944 4660
304 261 346 322 34
734 259 794 315 Lib.
813 261 835 314 I.

257 460 434 536 defendens,
459 462 511 542 qui
535 462 720 544 „negaverat
741 477 822 536 eum,
845 460 898 542 qui
918 460 1093 526 membrum
1114 461 1327 542 pertalieuam

256 584 399 649 rumpere
434 565 545 641 vellet,
580 565 701 632 efficere
732 581 822 647 posse
857 564 1021 648 rumpendi
1051 566 1166 648 pariter
1195 567 1327 632 membri

255 671 491 754 aquilibriuw,
524 669 669 736 concedit
696 669 823 734 difficile
858 660 916 734 hcc
947 689 1025 746 esse,
1059 671 1113 736 sed
1146 690 1214 736 eam
1245 672 1325 756 legis

255 776 443 842 senteutiam
472 795 540 842 esse
566 777 668 860 negat.
717 773 878 840 Concessio
907 791 944 840 ea
969 774 1019 848 his
1049 773 1149 840 verbis
1178 777 1327 858 concepta

255 885 318 946 est:
351 883 492 946 Verum
511 883 589 959 est,
611 882 662 945 mi
684 877 887 958 Favoriu'e,
909 879 1097 944 talionem
1122 881 1326 946 rarissime
1461 899 1462 906 ¹

254 987 346 1054 fieri
376 987 440 1072 [et]
462 985 716 1050 difficillime:
761 985 888 1050 Codices
911 988 948 1050 et
969 1004 1029 1050 ucu
1051 986 1195 1061 habenta
1213 987 1326 1052 raritas

255 1093 295 1158 ad
320 1113 387 1158 rem
415 1093 493 1182 uihil
514 1092 642 1168 attinet;
677 1091 779 1176 agitur
813 1091 850 1156 de
877 1091 1060 1156 difficultate
1086 1089 1212 1175 prorsus
1242 1093 1326 1176 paris

254 1199 391 1274 tahcuis3
418 1199 524 1281 itaque
542 1197 677 1280 primum
697 1198 729 1261 iu
754 1198 853 1263 raris
876 1199 984 1262 subest
1007 1197 1131 1280 paris,
1159 1199 1191 1262 iu
1212 1197 1326 1264 litteris

254 1305 348 1368 sime
371 1305 510 1387 (sume)
543 1304 622 1368 latet
652 1317 807 1368 summa
844 1302 1035 1385 (summe),
1069 1305 1105 1367 ut
1140 1303 1327 1368 talionem

253 1411 357 1492 paris
371 1429 528 1474 summae
549 1409 726 1486 habeamur,
747 1408 781 1472 id
802 1410 859 1487 est,
881 1408 1113 1500 magnitudinis.

269 1517 272 1524 “
325 1515 446 1580 lertio
467 1533 577 1598 genere
588 1513 694 1579 scribes
709 1513 893 1580 errabautiu
907 1515 1032 1592 litteris,
1053 1515 1190 1598 syllabis,
1214 1513 1328 1594 verbis,

253 1639 320 1703 quae
349 1620 396 1684 bis
427 1620 535 1684 eadem
565 1621 619 1684 aut
649 1638 736 1701 paeue
765 1618 874 1685 eadem
906 1620 1068 1686 scribenda
1089 1619 1194 1695 eraut,
1228 1617 1328 1682 semel

252 1727 393 1804 tautum,
419 1725 644 1808 xqu0d10culus
674 1743 712 1789 ea
740 1745 801 1792 usu
823 1717 1034 1803 distinxisset,
1062 1726 1237 1798 ¹scribendis
1260 1730 1326 1806 aut,

252 1832 332 1914 quod
351 1832 442 1914 paulo
463 1831 565 1896 miuus
583 1832 647 1896 late
658 1833 764 1914 patet,
785 1831 818 1894 iu
833 1830 1037 1914 gemiuaudis,
1054 1851 1121 1915 quaa
1140 1834 1238 1898 semel
1249 1835 1327 1898 scri-

250 1937 351 2001 beuda
362 1938 460 2014 eraut,
472 1937 596 2023 quodse
607 1939 670 2004 iam
682 1936 843 2022 scripsisse
859 1936 1120 2002 obliviscerentur.
1163 1939 1327 2005 Iulitteris
1461 1931 1462 1936 ’

252 2042 439 2126 syllabisque
466 2039 615 2126 facillime
645 2041 701 2105 hcc
731 2041 891 2107 accidebat
918 2041 951 2106 iu
978 2043 1117 2120 confiniis
1151 2046 1325 2116 verberum.

251 2149 296 2226 Ex
327 2137 504 2212 hristetclis
526 2146 726 2228 politicorum
743 2147 786 2224 II,
808 2147 846 2226 8,
879 2148 897 2208 7
929 2154 967 2226 (c.
991 2152 1029 2223 ll
1058 2151 1116 2216 sub
1137 2151 1190 2214 fiu.
1217 2145 1328 2232 Bell.)

248 2252 420 2336 prefertur
446 2253 575 2317 verbum
616 2251 789 2318 inauditum
833 2253 865 2318 ct
907 2253 1052 2320 inaudita*
1085 2255 1187 2320 ferma
1217 2257 1328 2322 fictum

251 2350 480 2442 α’ρισταρχεῑν.
523 2357 706 2423 Aristoteles
728 2358 895 2440 scripserat
931 2359 1053 2426 Graece:
1098 2357 1150 2428 us
1173 2363 1224 2430 δεῖ
1245 2357 1328 2437 τούς

252 2465 468 2548 δυναμένους
483 2459 603 2546 ἄριστα
631 2457 759 2550 ἄρχειν,
788 2458 933 2538 aucuerre
959 2463 1085 2552 ἄρχειν.
1132 2469 1223 2536 Plato
1254 2489 1327 2536 eum

249 2573 282 2636 ih
294 2569 425 2634 Philebo
442 2589 472 2651 p.
493 2568 777 2636 llDdistinxisset
796 2579 893 2655 ἔτερα
911 2575 1057 2644 τοιαῦτα
1077 2567 1199 2642 ἐνόντα
1222 2571 1326 2661 πάθη
1461 2567 1462 2580 ’

250 2670 489 2762 ἢμγνόμενα,
514 2677 623 2741 uatum
642 2679 699 2755 est,
721 2678 819 2742 altero
842 2680 1182 2764 numismatibusque
1203 2677 1324 2750 ἐνόντα

155 2796 158 2804 ’
250 2775 352 2866 πάθη
373 2779 579 2868 γιγνόμενα,
606 2784 649 2847 ut
669 2784 852 2870 γίγνεσθαι
879 2781 982 2869 παθη
1004 2785 1156 2864 dieantur,
1179 2807 1245 2871 quae
1260 2790 1324 2856 iam

249 2878 388 2973 incisu).
447 2887 557 2954 Strabo
583 2887 658 2952 XIV
683 2909 713 2971 p.
736 2889 797 2952 648
819 2890 1002 2973 scripserat:
1051 2883 1266 2978 Ἀναξήνορα
1290 2896 1325 2962 δὲ

249 2991 311 3061 cdv
339 2987 537 3078 κιθαρῳδόν
566 2994 660 3076 ἐξῆρε
682 2997 824 3078 ,acturust
848 2991 890 3063 aci
914 2998 1065 3080 θέατρα,
1099 2990 1175 3082 p'll'
1197 3001 1324 3084 ἐτίμα

143 3189 147 3194 .
248 3095 306 3186 μα’
314 3103 442 3168 iacta
465 3092 662 3172 Ἀντώνιος.
711 3099 815 3166 Semel
829 3102 943 3184 scripto
963 3129 1024 3186 μα,
1045 3103 1234 3178 factumest
1249 3101 1324 3173 ἁλλ’

250 3218 298 3274 ἔτι
320 3202 487 3292 μάλιστα,
517 3205 551 3269 iu
574 3224 725 3288 quocum
746 3206 920 3274 Meiuekius
942 3209 1009 3274 iure
1029 3209 1185 3290 haesisset,
1208 3215 1325 3280 substi-

249 3313 312 3378 tuit
333 3307 406 3378 ἄλλ’
430 3309 485 3379 ὅτι
507 3301 681 3396 abitura,
695 3329 789 3394 prave
810 3315 911 3396 posite
933 3311 986 3381 ὅτι
1009 3318 1091 3400 paui.
1113 3335 1168 3400 pro
1190 3319 1324 3402 simphci

250 3419 439 3501 superlativo
454 3438 513 3484 uec
534 3417 696 3484 atteudsus
706 3421 777 3500 pest
788 3420 883 3503 ἐξῆρε
894 3425 961 3505 μὲν
972 3469 981 3493 .
993 3471 1020 3488 ..
1035 3415 1108 3488 a’u·
1119 3423 1234 3508 requiri
1244 3425 1324 3492 alte·

249 3545 318 3589 rum
332 3525 471 3591 verbum.
519 3524 705 3590 Plutarchus
716 3525 748 3589 iu
759 3525 824 3591 vita
834 3527 964 3593 Periclis
975 3547 1001 3592 c.
1014 3529 1031 3588 1
1045 3527 1224 3611 scripserat:
1245 3534 1319 3599 ἐπεὶ

249 3629 385 3694 ἐπὶτῶν
397 3625 581 3698 ἄλλωνούκ
593 3624 902 3704 &translucere
912 3633 957 3718 τῷ
970 3628 1152 3718 θαυμάσαι
1165 3628 1204 3700 νδ
1215 3657 1323 3722 πραχ-

271 3961 294 4029 ¹)
326 3963 359 4015 In
374 3923 498 4015 Platonis
515 3959 709 4032 Euthyphreue
727 3976 752 4028 p.
773 3961 790 4015 6
807 3959 831 4014 Δ
849 3959 965 4028 quantas
983 3960 1077 4016 turbas
1095 3960 1223 4050 dederite
1240 3966 1323 4020 semel

320 4055 404 4130 script
416 4069 470 4115 um,
491 4069 551 4108 cum
570 4053 613 4108 bis
632 4052 714 4108 scribi
732 4051 849 4116 deberet,
870 4067 918 4107 suo
935 4053 993 4108 leco
1011 4057 1169 4124 exponetur.
