2954 4664
872 137 878 182 l

208 369 210 376 Ι
296 285 356 349 116
733 290 794 344 are.
814 291 837 345 1.

253 487 389 552 locorum
413 509 507 555 censa
529 509 620 572 qnam
642 491 679 553 ut
699 488 795 552 semel
816 488 848 550 in
872 493 943 572 apto
955 494 993 554 et
1007 493 1164 573 perspicuo
1180 493 1317 576 exemplo

254 609 421 672 exponam,
458 595 610 676 quomodo
642 595 674 658 11
708 595 773 658 toto
807 593 865 658 hoc
896 615 1008 678 genere
1038 598 1070 660 et
1099 599 1253 662 rationum
1286 617 1303 662 e

252 696 497 764 testimoniorum
519 701 677 764 momente
696 699 880 781 exquirenda
897 703 929 764 11
945 701 1143 782 ponderanda
1162 722 1316 767 censeam.

256 799 318 864 Sed
339 802 519 868 ordiendum
542 807 590 870 est
611 825 630 869 a
652 804 814 870 narrando.

352 908 427 973 Plus
452 912 560 995 viginti
592 913 664 975 sunt
690 910 776 982 anui,
805 927 875 972 cum
897 910 928 972 in
951 911 1088 992 syntaxis
1115 911 1229 977 uraecae
1251 913 1317 976 arte

253 1013 284 1076 et
306 1013 366 1076 alie
382 1017 523 1096 quadam
545 1017 584 1080 ed
605 1016 766 1080 modorum
789 1018 820 1080 et
834 1017 1007 1097 temporum
1029 1017 1114 1082 verbi
1134 1035 1224 1081 usum
1246 1035 1316 1097 per-

252 1118 382 1184 tinentia
404 1123 591 1188 certioribus·
615 1125 646 1186 et
673 1122 773 1204 magis
803 1122 988 1203 perspicuis,
1019 1141 1111 1204 qnam
1136 1141 1203 1204 qnae
1223 1124 1315 1206 vulgo

252 1225 457 1299 traderentur,
479 1228 639 1310 praeceptis
654 1226 907 1307 comprehendere
922 1228 1048 1290 conatus
1063 1247 1132 1292 sum
1155 1229 1187 1292 et
1208 1229 1317 1293 coristi

251 1329 423 1396 infinitivus
456 1333 509 1396 ubi
535 1332 685 1414 preteriti
719 1332 973 1414 significationem
1001 1332 1144 1410 haberet,
1174 1333 1228 1398 ubi
1254 1353 1315 1398 nou

252 1435 397 1516 haberet,
432 1438 565 1521 simplici
591 1439 756 1520 apertoque
778 1437 839 1502 fine
861 1436 992 1500 discrevi
1014 1437 1044 1519 (§
1068 1439 1158 1516 172),
1187 1439 1316 1520 primus,

252 1541 313 1605 nisi
333 1543 437 1620 fallor,
467 1547 549 1608 certo
570 1546 723 1626 praecepto
744 1562 811 1606 rem
840 1541 1030 1624 complexus,
1060 1544 1092 1606 in
1114 1563 1174 1626 qua
1193 1563 1318 1611 sensum

253 1648 406 1728 quendam
429 1651 598 1732 superiores
624 1649 719 1713 secuti
744 1650 842 1726 erant,
864 1647 1016 1713 Henricus
1039 1649 1164 1730 quidem
1186 1648 1318 1731 Stepha-

255 1771 312 1816 nus
342 1754 540 1838 eiusdemque
574 1755 675 1818 aetatis
712 1753 765 1817 alii
796 1755 911 1818 rectius
943 1755 1193 1836 constantiusque
1225 1775 1319 1838 qnam

253 1861 457 1924 recentiorum
491 1861 591 1925 multi.
656 1859 730 1938 Qnae
762 1858 806 1922 ibi
837 1859 973 1923 breviter
1000 1879 1176 1941 posueram,
1213 1862 1318 1926 notato

251 1965 357 2028 tamen
388 1967 419 2048 (§
444 1967 543 2030 1711
570 1967 649 2042 not.)
679 1965 872 2028 librariorum
901 1983 1021 2043 errore,
1055 1984 1146 2048 quem
1176 1967 1318 2031 veterum

252 2070 434 2150 scriptorum
463 2071 596 2137 editores
625 2089 684 2134 non
715 2089 784 2134 raro
813 2071 911 2134 secuti
939 2071 1058 2144 essent,
1088 2071 1178 2134 eain
1200 2071 1317 2149 libello,

252 2193 344 2256 quem
377 2177 437 2242 arti
468 2178 500 2240 11
532 2177 699 2246 Germania
731 2175 822 2238 editae
856 2176 1000 2240 comitem
1028 2195 1095 2241 1111
1128 2176 1222 2240 volui,
1244 2176 1318 2253 (Be-

253 2282 442 2365 merkungen
474 2283 550 2346 1111
589 2281 705 2372 einige·
724 2281 846 2344 Punkte
863 2291 866 2298 '
884 2279 938 2343 der
971 2281 1183 2364 griechischen·
1212 2281 1318 2346 Wort·

253 2386 482 2470 lagungslehre,
506 2387 670 2470 Gottingae
684 2387 787 2465 1848),
807 2385 930 2450 uberius
947 2387 1094 2468 explicavi
1116 2389 1317 2470 (119111.)

254 2491 391 2556 Collecte
413 2494 495 2556 euim
517 2493 725 2575 dispositaque
745 2492 877 2555 materia
900 2492 1029 2567 ostendi,
1051 2493 1084 2555 in
1105 2493 1174 2573 ipsa
1195 2511 1319 2557 summa

256 2605 301 2661 rei
326 2598 453 2662 nonita
475 2599 625 2672 multum,
655 2601 691 2662 ut
708 2599 774 2680 ipse
796 2597 873 2674 diri,
901 2597 939 2661 ab
963 2597 1111 2660 Elmsleio
1130 2600 1225 2677 (mus.
1249 2598 1318 2662 crit.

253 2704 303 2768 IV·
312 2725 341 2786 p.
363 2706 438 2781 415)
460 2703 633 2781 discedens,
654 2704 709 2768 sed
732 2703 915 2785 quibusdam
937 2702 1109 2768 accuratius
1130 2701 1317 2780 terminatis,

252 2810 285 2872 11
305 2810 354 2887 iis,
377 2823 444 2892 qua
466 2810 504 2873 de
525 2810 637 2874 ¹aer-isto
658 2809 805 2872 infinitivi
826 2809 893 2873 sine
915 2805 959 2872 do
985 2807 1065 2890 apud
1082 2809 1177 2872 rerba
1198 2807 1320 2874 dicendi

255 2917 418 2995 (minandi,
442 2915 659 2998 promittendi,
684 2915 806 2979 iurandi
833 2915 904 2993 111.)
935 2913 1123 2996 potandique
1146 2914 1318 2993 (credendi,

254 3021 451 3102 exspectandi
484 3019 556 3100 cet.)
591 3020 847 3106 significationem
878 3020 1024 3085 habentia
1050 3039 1105 3102 pro
1134 3020 1237 3086 futuro
1264 3021 1320 3084 aut

254 3127 398 3192 similiter
418 3129 517 3210 posito
539 3127 734 3192 traderentur
757 3132 842 3203 (nam
856 3145 910 3209 pro
926 3127 992 3209 ipso
1011 3127 1114 3190 futuro
1131 3143 1164 3190 se
1182 3125 1319 3208 accipere

252 3236 376 3316 negant,
399 3234 451 3315 qni
473 3232 647 3298 subtiliores
675 3231 773 3296 videri
801 3233 937 3311 volunt),
964 3251 1139 3316 quanquam
1166 3231 1318 3298 clarorum

252 3338 476 3422 philologornm
497 3339 622 3404 nomina
642 3337 714 3401 iude
737 3337 775 3401 ab
787 3338 1022 3403 Hemsterhusio
1043 3336 1319 3412 adHermannnm,
1388 3352 1392 3362 ·

252 3445 451 3519 Lobeolrium,
474 3445 669 3528 Kruegerum
690 3463 779 3508 aures
802 3444 1071 3518 circumsonarent,
1094 3442 1318 3527 quodquidam

253 3549 300 3614 ed·
316 3551 479 3632 scriptores
502 3551 575 3614 ante
597 3550 801 3632 Byzantinam
824 3551 948 3614 atatem
971 3551 1126 3626 attineret,
1148 3548 1226 3613 nihil
1249 3565 1319 3612 esse

253 3655 315 3719 nisi
353 3655 466 3719 menda
501 3655 652 3719 incuriose
690 3675 813 3720 corrasa
852 3657 884 3719 et
918 3655 1098 3738 opinionum
1131 3654 1317 3728 commenta,

253 3759 374 3824 omissis
406 3759 482 3841 ipsis
499 3761 587 3824 recte
610 3763 766 3842 quaerendi
792 3761 905 3838 initiis,
932 3759 1092 3826 levissime
1113 3761 1208 3834 iacta,
1238 3763 1270 3824 11
1292 3759 1319 3824 11
1439 3753 1443 3762 “

254 3865 321 3950 quis
343 3865 456 3929 indicia
478 3865 543 3929 veri
566 3867 750 3950 exquireret,
773 3861 939 3950 perspicue
953 3886 1116 3950 apparere,
1148 3866 1318 3950 segregetis

254 3990 270 4036 e
297 3971 460 4036 verborum
488 3972 686 4056 locorumque
718 3973 845 4038 confusa
870 3974 961 4038 turba
988 3973 1044 4052 iis,
1073 3992 1140 4056 qna
1168 3991 1256 4056 suam
1287 3974 1319 4036 et

254 4078 409 4160 propriam
437 4077 584 4142 haberent
613 4079 754 4160 regulam
787 4081 834 4155 (ut
861 4079 958 4152 ἐλπίς
985 4063 1199 4162 1111111111,
1228 4070 1319 4150 εἰκός
