2954 4664
309 279 368 342 132
746 279 806 334 Lib.
825 283 847 336 1.

266 495 365 560 quere
384 477 533 542 Romanis
560 478 674 542 multos
697 478 764 543 dies
792 477 888 543 ricus.
941 475 1144 542 Manifestum
1173 475 1222 540 est
1249 475 1330 540 inter

265 581 427 648 Adrenum
453 585 485 648 et
507 582 673 648 Macellum
701 583 829 648 terbum
859 582 963 666 oppidi
989 584 1045 648 out
1071 581 1191 646 castelli
1217 581 1330 660 muniti

266 706 375 754 nomen
400 688 616 770 interpositum
648 687 758 765 luisse3
791 689 824 753 id
856 707 893 754 ex
920 712 962 752 να
992 689 1024 752 et
1051 680 1170 772 κώμην
1198 685 1331 750 efficitur

269 786 447 876 Νακόνην,
476 813 569 877 quum
588 794 703 858 Sicilie
734 787 839 860 πόλιν
860 815 881 868 ε,
900 793 1033 858 Philisto
1060 793 1330 858 commemoratam

266 899 440 982 Stephanus
463 900 706 983 Byzantinusin
727 901 832 966 ordine
856 899 954 982 ponit
993 897 1194 963 Scribsndum
1221 897 1329 982 igitur:

259 999 448 1087 Ἀδρανόν,
472 1005 515 1070 N
518 997 680 1089 ακόνην
703 1008 758 1072 καὶ
782 1003 979 1072 Μάκελλον.

346 1108 437 1186 lxi)
460 1108 629 1176 Diodorum
659 1112 790 1194 excipiet
816 1110 944 1188 senno,
976 1111 1068 1174 aetute
1095 1121 1163 1172 ‘non
1193 1099 1328 1172 multum

265 1215 394 1291 dictione,
416 1214 498 1296 opud
518 1233 608 1297 quem
634 1225 669 1280 ut
689 1219 813 1298 propter
834 1215 1009 1299 argumenti
1039 1215 1181 1277 naturam
1208 1202 1330 1276 infinite

266 1317 315 1385 esd
347 1319 507 1394 nominum
533 1322 722 1402 propriorum
751 1321 853 1404 copie,
890 1321 936 1385 ite
968 1319 1063 1384 etium
1089 1319 1330 1382 huius-emendi

264 1425 384 1508 generis
406 1425 526 1490 occasio
551 1445 613 1491 non
633 1427 742 1510 exiguo
761 1425 847 1502 soit„
874 1425 966 1507 Apud
988 1443 1060 1489 eum
1081 1424 1109 1487 V
1128 1443 1158 1505 p.
1182 1423 1254 1502 242,
1276 1424 1351 1518 ubi*

265 1531 303 1624 de
325 1530 499 1614 Campaniae
521 1532 676 1597 veteribus
697 1532 806 1598 incolis
826 1532 938 1615 egion,
960 1530 1027 1594 haec
1047 1528 1207 1612 leguntur:
1230 1525 1327 1593 duom

265 1635 299 1698 dl
321 1637 477 1720 λέγουσιν
501 1631 688 1702 οἰκούντων
698 1630 859 1702 Ὀπικῶν
881 1629 1049 1720 πρότερον
1073 1623 1126 1699 καὶ
1143 1626 1327 1702 Αὐσόνων”

264 1733 340 1806 oi-d'·
349 1741 498 1814 ἐκείνους
510 1757 688 1828 κατασχεῖν
698 1739 1001 1826 όστερον,”οσκων
1010 1767 1042 1806 τι
1055 1737 1171 1815 ἔθνος,
1185 1735 1328 1812 τούτους

264 1839 294 1914 δ’,
313 1839 382 1912 dot
405 1847 599 1931 chcot'oup
619 1850 770 1922 ἐκείνους
792 1849 819 1914 δ’
849 1843 917 1914 ὑπό
947 1847 1132 1932 Τυρρηνῶν
1159 1852 1326 1912 ἐκπεσεῖν.

264 1953 400 2034 Apparet
422 1954 680 2020 constructionem
701 1957 733 2020 in
754 1955 817 2019 illis
840 1960 872 2020 σῖ
896 1948 925 2020 δ’
947 1954 1097 2024 ἐκείνους
1119 1970 1247 2034 prorsus·
1260 1953 1328 2016 tnr-

263 2053 369 2128 bete'm
404 2077 470 2124 esse
510 2064 589 2142 (σου
625 2061 708 2132 osset
739 2062 840 2138 recto,
878 2060 905 2124 si
936 2060 1002 2123 haec
1035 2059 1102 2124 solo
1136 2057 1327 2142 legerentur:

229 2155 233 2166 ⁵
264 2151 449 2230 oleoductus
481 2157 638 2232 Ὀπικῶν
665 2147 833 2250 πρότερον
862 2167 917 2230 καὶ
947 2158 1116 2240 Αὐσόνων
1137 2176 1327 2248 ’κατασχεῖν

256 2266 395 2334 Ὄσκαν
406 2293 447 2334 αι
472 2277 605 2350 ἔθνος),
639 2273 707 2336 tum
742 2273 865 2342 omnino
897 2289 958 2336 non
990 2269 1145 2353 intellegi,
1179 2267 1238 2352 qui·
1262 2267 1327 2332 sint

263 2382 401 2452 ἐκεῖνοι,
441 2376 493 2457 qui
520 2375 622 2457 Opicis
653 2378 684 2441 et
712 2378 888 2442 Ausonibus
920 2375 1126 2442 successerint
1159 2374 1327 2457 ipsiqpec

261 2479 411 2544 Cumanis.
429 2481 517 2546 eiecti
539 2482 616 2557 sint;
639 2501 691 2547 eos
714 2502 732 2547 ε
754 2482 905 2548 Strubone
927 2481 1101 2555 necessario
1124 2498 1179 2544 sno
1201 2479 1326 2543 nomine

260 2586 428 2670 appellatos
449 2585 554 2664 fuisse,
576 2587 695 2652 adiecto
718 2589 909 2670 ,appositione
930 2583 1320 2657 1Πο”οσκωντι-ἕθνος.

260 2692 296 2756 Id
322 2701 433 2758 nomen
461 2692 536 2759 odeo
550 2771 552 2778 Ι
567 2695 674 2757 notum
711 2693 759 2758 est
788 2695 820 2757 et
848 2693 921 2758 tum'
938 2693 1119 2782 ,manifestis
1148 2690 1324 2756 litterarum

259 2797 397 2880 uestigiis
418 2799 617 2875 monstretur,
638 2801 675 2862 ut
695 2797 810 2862 mirum
828 2798 871 2862 sit
885 2797 1043 2862 neminem
1058 2797 1189 2871 vidissc;
1212 2795 1324 2860 Strabo

259 2904 341 2968 ellim
362 2902 539 2984 scripserat:
561 2896 748 2968 οἰκούντων
766 2896 923 2970 Ὀπικῶν
945 2898 1115 2988 πρότερον
1138 2893 1324 2968 καῖΑόοό-

258 3034 328 3074 νων
350 3008 589 3081 Σιδικίνους
612 3021 790 3094 κατασχεῖν
812 3005 966 3093 ὕστερον,
989 3006 1129 3078 Ὄσκων
1150 3034 1182 3072 τι
1205 3014 1322 3090 ἔθνος,

258 3107 400 3188 τούτους
412 3115 445 3182 δὲ
458 3139 528 3179 ατ.
541 3116 569 3178 λ.
608 3113 717 3180 Strabo
740 3115 807 3198 ipse
829 3115 937 3182 eodem
959 3115 1038 3181 libro
1060 3115 1172 3198 p.·237
1183 3137 1190 3174 :
1215 3100 1321 3179 Οὗτοι.

259 3222 293 3286 δὲ
315 3224 363 3304 (οἱ
387 3221 564 3300 Σιιῖικῖνσι)
581 3216 719 3295 Ὄσκαν,
745 3222 954 3303 Καμπανῶν
982 3228 1088 3293 ἔθνος
1113 3215 1320 3308 ἐκλελοιπός.

159 3367 164 3373 -
259 3327 354 3407 (Iuvit
375 3345 519 3403 errorem,
542 3329 578 3390 ut
599 3351 630 3390 οι
653 3327 750 3404 fieret,
774 3328 863 3391 uetus
884 3327 996 3404 litteren
1019 3329 1052 3394 Σ
1068 3327 1191 3404 forma.)
1272 3349 1275 3356 ·

358 3431 443 3514 (XH)
470 3431 563 3512 Apud
594 3431 726 3496 eundem
748 3430 929 3496 Strabonem
959 3431 1028 3496 libr.
1051 3433 1095 3496 VI
1122 3451 1151 3513 p.
1175 3429 1245 3508 267,
1267 3431 1322 3494 ubi

257 3537 416 3604 deciciliae
440 3556 500 3608 ore
514 3537 656 3602 orientali
678 3535 734 3602 snb
755 3535 1023 3616 radicibusAEtnee
1046 3537 1156 3621 agitur,
1182 3537 1214 3599 in
1237 3535 1320 3600 codi-

256 3643 343 3708 cibus
365 3641 491 3724 optimis
512 3644 545 3706 et
571 3641 631 3706 fide
662 3639 763 3724 dignis
795 3643 826 3704 et
851 3641 884 3704 in
906 3641 1053 3706 Meinekii
1075 3641 1207 3706 editione
1235 3647 1320 3720 (oum

255 3749 330 3814 nota
351 3745 455 3812 mendi
470 3750 541 3812 ante
557 3747 801 3822 συνελθοῦσαι)
824 3745 871 3810 sio
893 3747 1048 3828 scribitur:
1075 3752 1111 3812 αἱ
1133 3747 1167 3812 δὲ
1188 3740 1319 3832 μεταξύ

256 3848 420 3936 Κατάνης
443 3855 497 3918 καὶ
512 3852 760 3935 Συρακουσσῶν
782 3845 925 3931 (πόλεις)
948 3845 1177 3927 tubicinant,
1200 3845 1319 3928 Νῶξσς

256 3963 308 4024 καῖ
330 3963 483 4043 Μέγαρα.
508 3955 598 4024 ὅπου
622 3960 675 4023 καὶ
698 3963 734 4024 αἱ
756 3959 824 4022 τῶν
849 3960 1020 4041 ποταμῶν
1041 3962 1177 4045 ἐκβολαὶ
1201 3961 1319 4025 συνελ-

255 4063 470 4132 coenasset
505 4059 619 4130 πάντα
657 4057 912 4148 καταρρεόντων
946 4071 981 4130 ἐκ
1017 4066 1079 4150 τῆς
1106 4069 1237 4150 Αἴτνης
1269 4069 1319 4136 εἰς
