2954 4664
305 274 366 336 100
742 277 801 335 Lib.
820 280 843 334 1.
877 367 881 380 μ
912 309 914 319 =

258 469 468 559 tenendaque
499 477 534 542 at
550 477 720 542 abiicienda
745 473 874 555 omnia,¹
899 499 966 562 que
988 479 1029 544 ad
1048 479 1082 544 id
1104 479 1322 545 occultandum

258 583 470 660 aecoesaeruut¹
485 601 547 650 uon
568 583 691 648 tautum
708 582 828 666 longius
843 603 1016 670 progressa,
1037 581 1203 650 sedetiam
1222 587 1323 669 prima

256 688 501 770 interpolationis
532 685 683 765 stamina,
717 688 751 752 et
779 688 899 771 prima,
928 692 1078 773 quantum
1107 673 1176 755 tieri
1208 692 1320 774 potest,

257 795 367 860 erroris
388 794 486 858 forma
506 793 703 871 invenienda3
725 795 864 859 velutin
885 796 965 860 livii
981 796 1083 874 XXII,
1104 797 1155 875 28,
1177 798 1198 858 4
1220 795 1258 860 ab
1275 814 1320 874 eo,

147 957 150 964 .
258 900 339 984 quod
358 899 769 984 codicesvulgareshabeut
792 919 941 983 semper
964 920 1229 978 occursurum,
1250 901 1321 966 red-

257 1006 391 1071 eundum
418 1005 495 1070 mihi
518 1005 657 1069 fuitnon
678 1005 779 1070 solum
800 1006 840 1070 ad
861 1025 929 1088 per
951 993 1216 1083 ooeuranr'um,
1238 1006 1322 1088 quod

226 1145 228 1152 ·
255 1111 288 1174 iu
309 1103 482 1176 colbertino
506 1111 568 1188 eat,
603 1110 659 1175 sed
680 1111 720 1174 ad
741 1129 1071 1193 permansurum,
1104 1108 1185 1193 quod
1204 1110 1237 1174 in
1258 1111 1321 1184 Pu-

254 1219 386 1293 teaneo,·
415 1217 451 1280 ut
478 1215 550 1280 iude
577 1234 691 1280 verum
713 1219 871 1282 erueretur
890 1235 1170 1300 procursurum
1201 1221 1321 1290 (emen-

258 1321 335 1386 datt.
364 1321 431 1386 lin
458 1341 491 1404 p.
525 1321 618 1399 200);
650 1327 719 1386 tum
750 1323 865 1387 autem·
886 1325 980 1389 etiam
1006 1320 1320 1402 circumscribendum

255 1411 544 1508 terminandumq'ue
567 1425 623 1491 sua
643 1427 716 1492 sede
737 1429 858 1507 vulnus,
879 1447 918 1494 ne
940 1445 1016 1494 sana
1036 1429 1068 1492 et
1085 1427 1181 1503 reeta,
1203 1445 1270 1508 quae
1286 1425 1320 1489 id

256 1533 395 1620 cingunt„
414 1532 472 1596 hoo
494 1513 553 1608 est,
575 1531 634 1596 sibi
656 1534 828 1630 opnetantia
849 1535 881 1598 et
895 1537 968 1616 apta
989 1535 1021 1598 et
1041 1534 1172 1616 formam
1192 1532 1319 1596 senten·

254 1638 306 1702 tiae
334 1638 540 1720 orationisque
554 1637 816 1720 demonstrantia,
829 1638 932 1704 simul
952 1639 985 1702 in
1007 1637 1232 1704 dubitationem
1253 1639 1319 1702 tra·

253 1741 367 1806 lentur
387 1739 655 1826 convellantunque
685 1745 736 1824 (ut
756 1731 797 1808 in¹
807 1743 985 1821 Plutarchi,
1020 1761 1120 1826 quem·
1134 1742 1225 1824 paulo
1240 1741 1318 1808 'ante

254 1847 472 1925 tractavimus,
486 1849 571 1913 loeo
604 1849 683 1912 haee:
730 1845 811 1914 ὅποι
842 1855 924 1914 ποτὲ
947 1851 1001 1914 καὶ
1024 1895 1032 1910 .
1056 1897 1064 1913 .
1088 1895 1095 1910 .
1118 1841 1137 1912 o‘
1160 1847 1318 1920 κίνδυνος

256 1955 382 2022 aerato
385 1946 525 2036 μβᾶνοι,
549 1951 648 2018 etsi‘'
630 1977 710 2018 οιιοι
733 1973 824 2018 suum
845 1955 939 2038 habet
953 1954 1112 2028 mendum,
1134 1953 1318 2062 sedperexi-

254 2059 375 2144 guum).
424 2057 484 2123 Sed
513 2059 653 2124 abiecta
658 2059 712 2124 sie
746 2060 980 2142 interpolatione
1016 2060 1130 2126 subsist
1117 2049 1259 2124 tendum
1270 2061 1319 2124 eet

253 2165 413 2248 paulisper
430 2162 655 2247 videndumque
677 2165 798 2243 aeriter,
820 2184 858 2230 ne
877 2183 941 2230 nen
964 2163 1064 2228 solum
1086 2157 1126 2230 ad
1147 2160 1318 2246 proximam

253 2289 326 2336 vero
342 2269 490 2346 formam,
511 2267 568 2332 aed
589 2269 760 2351 ad1psum
771 2291 878 2336 verum
898 2269 1089 2352 perventum
1100 2269 1158 2344 sit;
1180 2279 1254 2332 nam
1268 2269 1318 2332 iu·

253 2375 378 2441 tardum
411 2391 516 2451 mens,
553 2373 714 2454 manifesta
734 2373 978 2458 interpolationis
992 2373 1169 2458 pravitate
1178 2373 1317 2456 depulsa,

254 2457 359 2546 'tamen
383 2477 509 2543 oonfirsa
529 2478 626 2542 semel
648 2479 679 2542 et
699 2482 876 2561 perturbata
896 2497 956 2550 non
979 2477 1218 2556 animadvertit,¹
1228 2497 1261 2542 se
1283 2477 1317 2542 id

160 2609 162 2616 ·
253 2587 373 2664 tenere
408 2584 492 2648 ultra
514 2581 594 2668 quod
613 2582 690 2646 nihil
707 2585 904 2665 quaerendum
925 2585 968 2650 sit
991 2584 1123 2668 etquod
1142 2603 1203 2650 neu
1223 2584 1316 2648 intel·

253 2692 368 2756 leolum
398 2685 667 2786 interpolationem
697 2690 855 2770 pepererit.
898 2655 1048 2776 Egregius
1078 2691 1126 2755 est
1156 2687 1197 2755 ed
1222 2673 1315 2756 huius

252 2795 470 2862 admonitionis
492 2793 556 2858 vim
583 2791 815 2857 monstrandam
835 2793 986 2862 Platonis
999 2796 1119 2860 loeus
1110 2789 1142 2860 1'u
1157 2796 1315 2862 Theaeteto

93 2871 96 2878 Δ
175 2957 195 2980 ,,
253 2907 282 2986 p.
307 2902 368 2964 175
392 2899 425 2978 Ο,
447 2897 500 2963 ubi
515 2897 663 2962 Socrates
685 2895 829 2972 ostendit,
853 2899 926 2980 quid
947 2871 1220 2982 opsideresoleat,
1242 2917 1315 2966 oum

193 2995 199 3004 ⁰
250 3007 451 3091 philosophus
465 2999 598 3086 aliquem
611 3020 628 3065 e
641 3001 733 3084 vulgo
746 3000 928 3070 nominema
940 3005 1153 3070 communibus
1164 3005 1314 3088 opinioni·

172 3135 188 3152 ⁴·
252 3114 309 3179 bus
334 3113 370 3177 et
399 3108 590 3176 sermonibus
619 3125 741 3172 sursum
763 3107 803 3170 ad
824 3106 935 3172 altiora
955 3110 987 3172 et
1006 3109 1046 3172 ad
1064 3107 1149 3176 ideas
1172 3110 1314 3176 oontem-

157 3201 161 3207 ⁵
250 3218 379 3304 plaudas
406 3231 515 3280 vocare
536 3213 570 3288 et
594 3210 739 3275 extollere
760 3213 902 3290 sonetum
922 3209 980 3276 *sio
1002 3211 1084 3279 enim
1103 3214 1147 3278 ibi
1169 3213 1314 3282 aoribitur

250 3344 346 3390 nune.
370 3317 545 3392 ’Ότανδέ
563 3320 601 3404 γε’
622 3341 698 3382 τινα
720 3310 839 3393 αὐσός,
862 3343 886 3382 ιιι
875 3308 999 3402 φίλι,
1021 3307 1185 3402 ἐλκύσῃν
1165 3344 1231 3384 ανω
1256 3322 1313 3386 και

251 3415 402 3530 ἐθελήσῃ
435 3449 487 3500 κιρ
514 3417 620 3509 αὐτῷ
620 3423 813 3508 ἕκβῆναι’
798 3449 833 3488 εκ
855 3425 926 3488 κού
953 3423 987 3488 τί
1016 3416 1098 3522 ἐγώ
1104 3427 1136 3488 σὲ
1162 3417 1312 3508 rideatur?

251 3531 293 3604 ori
318 3537 397 3620 iprae
434 3535 483 3602 aio
512 3531 672 3607 σκέψιν
661 3523 770 3612 αὐτῆς
793 3523 1008 3610 δικαιοσύνης
1029 3553 1067 3592 as
1090 3528 1145 3591 καὶ
1151 3520 1312 3604 α’θικιας,

250 3669 279 3707 τι
308 3667 344 3706 τε
368 3633 531 3722 ἑκάτερον
561 3633 681 3727 αιῖκσῖν
712 3637 767 3716 καὶ
797 3661 826 3700 σι
857 3635 925 3700 τῶν
946 3624 1088 3700 πάντων
1110 3626 1132 3716 ἢ
1155 3624 1313 3716 αλλήλων

251 3738 510 3834 διαφέρετον,
487 3769 510 3828 η
533 3748 568 3808 ἐκ
590 3743 665 3816 τοῦ,
687 3767 715 3808 ει
709 3734 900 3828 'poetisve
913 3733 1313 3829 ιιῖδαιίιιινκέκτημένος

249 3845 325 3921 ιιάὖ
347 3841 445 3932 aoid
457 3843 607 3933 χρυσίον,
628 3848 806 3932 βασιλείας
818 3851 898 3931 eripe
918 3846 971 3911 aori
990 3837 1213 3928 ἅνθραπίνης
1225 3841 1312 3918 ὅλως

250 3949 470 4045 εὐδαιμονίας
503 3955 557 4020 καὶ
580 3946 789 4044 α’θλιόκῃτος
817 3953 873 4016 ἐπὶ
897 3953 1035 4031 σκέψιν,
1069 3951 1156 4038 ποιίιι
1180 3953 1215 4016 κε’
1236 3975 1310 4018 τινα
1335 3958 1338 3961 ’

250 4063 346 4136 ἐστόν
379 4065 433 4130 καὶ
464 4063 544 4127 τινα
572 4051 701 4143 τρόπον
718 4050 920 4142 ανθρώπου
948 4051 1046 4142 φύσει
1074 4049 1236 4141 προσήκει
1267 4052 1308 4123 ια’
