2944 4660
332 244 372 306 50
774 245 834 300 Lib.
853 247 876 300 1.

289 457 363 502 suas
386 456 494 520 qnam
516 441 731 507 securitati
754 442 905 508 consuli
931 442 1062 518 melit;
1090 441 1254 524 proinde
1275 441 1356 506 ista

290 544 349 608 cet.
393 544 434 606 st
454 543 568 628 legitur
587 545 678 610 sicin
701 547 804 612 codice
826 547 1075 632 Rottendorfiano
1099 547 1195 612 serub
1214 546 1291 616 XII,
1316 547 1354 610 ut

289 667 424 714 errorem
455 668 515 712 non
546 669 585 720 ¹eu
609 653 745 716 omnium
777 654 952 718 nostrorum
982 652 1120 736 principe
1152 651 1354 734 propagatum

288 773 355 818 esse
377 756 531 836 appareat.
579 755 661 820 Nam
684 757 855 822 coniectura
883 757 939 822 illa
967 757 1058 822 atate
1080 755 1255 828 huiusmodi
1276 754 1356 820 nihil

288 860 506 943 corrigebatur.
554 860 841 928 Manifestissimam
865 863 967 938 totius,
989 865 1025 928 ut
1045 863 1165 946 opinor,
1196 861 1229 926 in
1251 860 1355 926 codice

287 966 472 1050 archetypo,
515 966 665 1032 columnae
706 967 987 1060 transpositionem¹
1012 969 1044 1032 in
1079 967 1282 1034 consolatione
1297 1039 1299 1046 ,
1314 965 1354 1030 ad

288 1069 437 1134 Marciam
458 1071 572 1136 facem
595 1072 654 1136 alio
675 1072 742 1137 loco
765 1092 898 1155 aperiam
908 1073 944 1154 ¹)
978 1072 1038 1138 Sed
1052 1077 1157 1145 brnen
1179 1074 1212 1138 hi
1226 1091 1353 1164 errores,

287 1176 314 1238 si
336 1193 405 1240 curn
438 1176 548 1242 ceteris
582 1178 759 1260 generibus,
789 1197 863 1258 quas
875 1179 1103 1260 persequimur
1129 1157 1354 1308 comparantur,

286 1282 426 1346 omnibus
449 1283 588 1364 partibus
602 1283 770 1362 pauciores
795 1285 877 1348 sunt.

290 1443 293 1450 .
370 1388 539 1454 Coniuncta
561 1408 597 1452 er
618 1389 721 1470 aliqua
742 1390 829 1469 parte
851 1407 920 1452 cum
943 1389 1001 1453 hcc
1018 1387 1234 1470 transponendi
1244 1407 1353 1464 errore,

286 1513 397 1577 genere
423 1495 528 1558 tamen
549 1495 616 1575 ipso
642 1494 836 1576 aliquantum
858 1493 977 1558 diversa
999 1495 1048 1561 est
1068 1494 1275 1578 perfrequens
1288 1494 1352 1569 illa,

285 1600 473 1681 frequentior
506 1602 611 1666 tamen
644 1601 677 1664 in
709 1599 828 1666 Latinis
859 1599 1015 1666 codicibus
1051 1600 1149 1682 (volut
1176 1599 1354 1682 Ciceronis),

285 1705 416 1770 maxime
434 1705 614 1772 inferiorum
638 1705 822 1782 secundorum,
846 1724 938 1787 quam
952 1705 985 1768 in
1004 1705 1128 1780 Graecis,
1150 1704 1264 1770 ordinis
1285 1723 1354 1768 ver-

284 1811 405 1874 borum*
427 1811 637 1876 continuorum
656 1809 857 1892 permutatio
890 1810 941 1892 (ut
971 1811 1097 1878 bonus
1130 1811 1187 1874 vir
1216 1829 1269 1893 pro
1294 1810 1353 1874 vir

284 1917 405 1980 bonus
428 1915 580 2002 scribatur
596 1918 740 1981 contrave
758 1919 789 1980 et
811 1916 925 1982 similia
950 1915 1093 1998 infinita),
1116 1934 1182 1998 quae
1204 1934 1264 1980 non
1285 1916 1352 1980 tam

284 2023 441 2086 coelorum
464 2041 564 2085 errore
593 2021 690 2086 oritur
718 2041 811 2104 quam
839 2021 994 2086 memorias
1020 2021 1109 2102 plura
1141 2021 1231 2086 verba
1261 2021 1354 2086 simul

284 2127 435 2194 scribendi
458 2137 549 2192 cause
571 2127 789 2209 comprehensa
803 2147 864 2190 non
883 2126 993 2192 ordine
1010 2125 1174 2203 servantis,
1196 2126 1353 2192 interdum

279 2233 363 2316 ,quod
385 2233 485 2315 magis
509 2232 653 2296 adsuetus
676 2232 821 2300 scribenti
851 2232 929 2296 alius
957 2233 1006 2298 cst
1032 2229 1106 2296 ordo
1137 2231 1234 2314 (velut
1263 2236 1348 2315 quis

283 2339 380 2402 enim
408 2339 467 2402 est
494 2327 585 2419 quam
617 2339 702 2419 quis
732 2338 793 2402 cst
820 2338 941 2414 enim),
974 2337 1173 2418 raro,-quod
1194 2337 1348 2422 verbaflad

283 2442 469 2508 sententiam
495 2443 691 2526 coniungenti
708 2479 710 2484 ,
727 2444 806 2524 ¹falsa
833 2439 950 2526 species
983 2441 1125 2506 occurrit.
1176 2441 1290 2524 Atque*
1312 2461 1348 2508 ex

282 2550 340 2614 hac
361 2549 524 2616 uerborum
544 2549 791 2632 transpositione,
811 2569 878 2632 quae
899 2549 932 2612 in
954 2548 1046 2614 certis
1067 2546 1250 2638 quibusdam
1264 2549 1348 2614 voci-

281 2655 349 2730 bus,
371 2655 407 2733 ut
430 2655 522 2720 verbo
546 2655 746 2730 substantivo,
768 2655 892 2720 liberius
916 2653 1010 2718 etiam
1031 2652 1068 2716 fit
1095 2653 1127 2718 ot
1148 2652 1346 2736 frequentius,

281 2760 511 2824 inanissimae
542 2761 695 2826 nonnullis
724 2759 822 2824 ductae
853 2760 926 2824 sunt
941 2839 945 2850 ¹
958 2758 1149 2842 suspiciones
1182 2758 1221 2822 ad
1253 2760 1348 2824 rerba

281 2869 406 2948 propter
426 2865 604 2930 instabilem
622 2866 725 2930 sedem
747 2865 922 2956 damnanda
944 2867 976 2930 et
996 2863 1157 2940 eiicienda,
1185 2864 1346 2946 potiusque

282 2973 337 3036 aut
358 2971 563 3036 additamenti
584 2973 637 3036 aut
670 2971 747 3036 alius
770 2970 875 3034 mendi
896 2970 1028 3052 suspicio
1051 2971 1115 3037 iuro
1136 2969 1296 3046 nascitur,
1318 2970 1346 3034 si

281 3097 338 3142 uox
359 3079 534 3164 constanter
557 3096 590 3141 oo
611 3078 679 3142 loco
702 3076 854 3153 scribitur
877 3095 969 3158 quem
984 3074 1136 3140 sententia
1158 3075 1211 3138 aut
1232 3075 1345 3140 oratio·

281 3184 329 3248 nis
361 3183 468 3279 regula
500 3199 569 3248 cam
604 3185 708 3248 tencre
739 3202 799 3252 uon
816 3182 902 3265 petit
902 3193 947 3246 ur.
1009 3179 1070 3244 Sed
1098 3197 1269 3262 quanquam
1297 3180 1345 3244 hae

281 3290 413 3356 minores
449 3306 558 3352 vocum
589 3289 840 3385 transpositiones
875 3289 1054 3370 plerumque
1086 3284 1126 3350 ad
1159 3303 1212 3350 sen
1215 3285 1345 3350 tentiam

264 3447 265 3454 ,
281 3395 393 3460 nullius
415 3394 469 3458 aut
490 3394 599 3476 exigui,
622 3395 661 3458 ad
676 3395 820 3460 orationis
836 3394 961 3460 consuet
947 3391 1086 3456 tudinem
1101 3389 1343 3474 rhetoricamquo

281 3483 410 3566 formam
443 3499 619 3566 nonnullius
652 3499 724 3564 sunt
755 3499 924 3574 momenti,
956 3496 1111 3591 interdum
1143 3496 1286 3560 tamen
1277 3515 1344 3577 rpsc

250 3627 254 3638 ·
281 3623 389 3688 sensus
428 3603 651 3686 transponendo
686 3595 839 3680 mistaten,
872 3603 1004 3674 maxime
1043 3621 1114 3666 cum
1145 3602 1342 3684 transpositio

282 3714 315 3776 in
339 3711 465 3778 confinio
487 3710 710 3776 sententiarum
741 3711 795 3774 aut
815 3709 1022 3775 membrorum
1044 3707 1205 3772 sententiae
1232 3707 1344 3773 ecddit

282 3839 480 3857 —————-†«*

310 3896 332 3964 ¹)
352 3896 464 3948 Prorsus
484 3892 600 3946 similem
619 3891 651 3956 ei,
671 3909 751 3962 quam
762 3893 840 3962 apud
860 3891 942 3947 Cicer.
967 3889 999 3945 de
1018 3892 1083 3945 orat
1101 3891 1152 3954 Ill,
1173 3893 1223 3946 901
1243 3889 1341 3944 laetam

352 3987 485 4056 Kayserus
511 3983 702 4038 animadvertit
727 3988 755 4040 ct
778 3985 897 4041 sustulit.
923 3981 1341 4058 ¹Eamegoa.1848animod·

352 4082 483 4134 verteram
501 4079 529 4131 ct
546 4079 574 4132 in
593 4079 713 4148 margine
732 4077 845 4146 exempli
854 4077 906 4131 mei
924 4075 1133 4131 emendaveram.
