3000 4668
631 266 693 324 Lib.
709 267 762 324 111.
1092 287 1094 296 ’
1129 269 1190 333 339

166 462 269 544 δόξαν
298 469 332 533 δὲ
364 461 450 551 ύμῖν
483 467 592 531 ταῦτα
626 483 680 546 pro
715 455 870 539 δόξαντα.
906 461 1089 548 (Δείξαντος
1110 463 1235 550 τούτου

165 575 280 658 legitur
304 573 355 638 hic
376 573 402 648 I,
426 573 455 651 1,
477 573 529 651 36,
552 564 722 648 δσξιίντων
741 566 873 637 τούτων
895 574 933 652 V,
957 576 985 652 2,
1008 574 1071 649 24.)

266 679 334 744 lbd.
362 679 391 754 3,
420 679 438 740 ‘2
472 677 630 743 eiiciendae
662 677 768 742 forme
796 678 928 752 DorIeae,
963 697 1038 762 quas
1072 677 1139 744 sine
1169 681 1232 746 ullo

166 785 306 850 oodieum
328 783 442 848 indicio
463 783 567 866 inepta
582 783 614 847 in
630 782 723 847 breve
740 780 925 865 colloquium
947 783 1117 849 narrationi
1137 787 1234 850 inter·

167 891 301 975 positum
313 889 535 955 Valckenarius
552 888 676 961 invexit,
698 887 808 950 demde
829 887 932 968 ipsum
953 877 1138 972 colloquium
1160 910 1234 957 eon-

169 997 242 1061 eisis
264 995 444 1060 brevissime
466 993 617 1076 Spartano
649 1010 734 1056 more
766 992 915 1057 membris
950 992 995 1058 sie
1027 995 1161 1074 proxime
1193 996 1234 1060 ad

92 1182 95 1188 Ι
169 1101 289 1166 codices
324 1099 518 1170 scribendum
549 1097 688 1164 videtur:
738 1090 914 1170 Εἰπόντος
947 1098 1071 1163 ‹leros›
1092 1101 1234 1166 Λεωτυ-

170 1208 295 1292 χίδου·“
312 1199 407 1272 Ἀλλ’
429 1201 447 1270 ὁ
469 1201 589 1289 νόμος,
618 1194 644 1266 ui
666 1196 873 1288 Ἀγησίλαε,
905 1198 966 1270 σύκ
989 1199 1139 1290 α’δελφύν
1161 1201 1234 1272 α’λλῗ

169 1307 434 1397 μεῖναιμεῖναι
461 1301 660 1395 βασιλεύειν
682 1301 822 1374 κελεύει.
866 1312 913 1375 Εἰ
942 1310 975 1376 δὲ
1003 1307 1078 1382 vide
1106 1307 1154 1377 uie
1182 1310 1233 1398 μη“

170 1411 352 1506 τυγχσῖνσις
385 1411 432 1483 Ὁ
454 1410 498 1480 σίν
519 1409 667 1498 α’δελφός
689 1414 825 1486 δικαίως
850 1410 1039 1499 βασιλεύοι.
1083 1411 1168 1502 Ἐμὲ
1190 1415 1235 1484 ἄν

172 1526 239 1592 δίσι
262 1515 471 1610 βασιλεύειν.
515 1521 722 1606 Πώς,.“ἐμσὺ
743 1546 782 1607 γε
804 1517 926 1598 ὅντσςς
943 1518 1026 1588 Ὅτι
1052 1537 1081 1587 κ’.
1104 1549 1133 1588 τ.
1157 1528 1187 1590 λ.

269 1631 337 1696 Ibd.
359 1631 432 1709 3,·7
454 1629 589 1711 primum
612 1627 788 1692 exciderunt
806 1626 964 1714 quaedam,
992 1646 1063 1694 eum
1085 1631 1234 1714 seriptum

171 1740 254 1804 esset
269 1737 309 1803 ad
327 1737 405 1802 hano
421 1735 574 1800 sormam:
600 1727 716 1798 Πάλιν
739 1723 802 1798 σύν
823 1726 1038 1815 ἐρωτώντων·
1054 1731 1177 1803 Ὅπλα
1200 1738 1235 1803 δὲ

173 1843 288 1910 πόθεν
316 1849 447 1926 ἔφασαν
476 1833 670 1923 ληψεσθαις
703 1830 822 1920 [ariade
847 1843 912 1923 ἔφη
938 1843 1039 1907 τούτο
1069 1846 1235 1928 {pluton}

172 1943 233 2014 τόν
256 1949 291 2015 δὲ
313 1953 438 2023 εἰπεῖν,
466 1941 518 2010 ὅτι
542 1970 570 2010 κ.
593 1970 621 2009 τ.
648 1945 677 2008 λ.
727 1941 847 2007 Deinde
866 1963 905 2010 er
926 1946 980 2022 iis,
1007 1967 1075 2034 quae
1095 1949 1128 2013 in
1151 1950 1236 2015 eodi-

172 2055 258 2120 cibus
286 2055 359 2135 posi
385 2053 652 2138 συντεταγμένοι
675 2041 776 2133 ἡμῶν
798 2041 898 2115 αύτοί
919 2051 1086 2124 adduntur,
1115 2051 1148 2116 in
1170 2051 1236 2116 edi·
1281 2092 1283 2100 »

172 2161 307 2225 tionibus
329 2160 435 2224 autem
457 2158 653 2235 omittuntur,
682 2148 813 2238 ἔφασοίν
834 2180 884 2242 γε,
906 2155 1039 2222 efficitur
1060 2149 1116 2240 ἐφ’
1137 2153 1237 2223 ὅσον

172 2267 247 2340 δεῖ,
269 2267 305 2329 ui
317 2265 362 2329 sio
373 2265 540 2329 scribatur:
565 2255 661 2328 αύτσῖ
678 2254 729 2344 ἐφ’
743 2257 898 2327 ὅσσνδεῑ
919 2255 1009 2328 ὅπλα
1026 2251 1235 2347 κεκτήμεθα.

270 2369 337 2435 lbd.
359 2370 390 2447 4,
422 2371 442 2432 5
475 2370 569 2434 verba
601 2371 632 2432 εἰ
663 2365 805 2452 βούλοιο
843 2367 1042 2432 vitiosissime
1079 2369 1238 2434 abundant

172 2477 243 2558 post
262 2474 351 2540 initio
372 2475 510 2557 positum
533 2477 564 2538 εἰ
586 2474 705 2538 τοίνυν
726 2476 851 2550 θέλεις,
884 2472 990 2538 addila
1012 2473 1051 2538 ab
1074 2474 1175 2558 aliquo
1198 2476 1239 2540 ad

173 2579 419 2663 significandum,
436 2599 502 2662 .quo
521 2579 697 2655 referretur,
719 2577 800 2661 quod
815 2577 966 2659 sequitur:
989 2571 1075 2644 α’ῖλοὶ
1097 2582 1239 2660 βουλοί-

173 2711 245 2768 μην
267 2678 320 2750 ἂν.
364 2685 478 2749 Verum
505 2683 537 2746 id
563 2681 603 2748 ad
629 2684 732 2766 ipsum
761 2689 791 2748 εἰ
818 2684 933 2754 θέλεις
953 2683 1094 2750 refertur.
1141 2687 1238 2752 Paulo

173 2793 244 2874 post
264 2791 353 2874 plura
382 2787 561 2853 exciderunt
593 2790 665 2853 anta
698 2778 720 2872 ἦ
750 2779 824 2873 μήν
848 2807 938 2870 quam
961 2787 1153 2869 Dinuiorfiusq
1187 2793 1240 2875 qui

174 2891 428 2978 la'uunamfviliit
455 2895 585 2976 putavit.
639 2895 721 2960 Nam
750 2894 806 2959 ilia
832 2886 926 2978 ἡμᾶς
949 2895 1058 2978 μηδὲν
1086 2899 1149 2982 τη”ς
1178 2900 1240 2982 σῆς

176 2995 279 3088 α’ρχῆς
301 2992 480 3084 α’δικηοειν
501 3001 674 3065 necessario
695 2999 835 3085 Agesilai
856 2999 1002 3066 orationis
1023 3021 1095 3083 pars
1118 3006 1186 3084 est„
1232 3035 1236 3044 v

275 3106 342 3172 Iud.
355 3105 385 3183 5,
408 3107 447 3168 25
469 3124 523 3188 pro
543 3108 841 3192 κατηγορουμένου
864 3099 893 3172 δ’
915 3102 1023 3172 αὐτοῦ
1045 3109 1241 3175 scribendum

178 3204 553 3299 κατηγορούμενον
582 3205 612 3278 δ’.
633 3207 740 3278 αύτού
762 3217 995 3298 (κατηγορεῖτο
1018 3206 1143 3292 αὐτοῦ,
1171 3217 1240 3280 ooli.

177 3319 214 3383 de
246 3317 400 3401 participii
437 3318 685 3400 impersonaliter
722 3317 816 3415 positi
858 3317 1033 3384 accusativo
1072 3321 1152 3404 synt.
1187 3320 1242 3386 Gr.

177 3423 303 3506 erae).
1093 3451 1098 3462 ·

277 3528 344 3593 Lib.
366 3529 420 3608 IV,
443 3530 472 3608 2,
496 3529 529 3593 6:
562 3535 599 3595 ἐν
621 3521 844 3616 Χερρονήσῳ,
875 3525 970 3600 ὅπως
992 3518 1032 3592 εδ
1058 3529 1246 3613 εἰδείησαν,

179 3631 230 3699 ὅτι
259 3629 340 3707 τούς
370 3639 662 3720 στρατευομένους
693 3636 745 3701 δεῖ
772 3627 953 3718 εὐκρινεῖν.
1006 3631 1111 3700 Nihilo
1142 3633 1244 3718 migis

179 3739 237 3804 hoo
258 3739 291 3804 in
312 3739 502 3806 Chersoneso
524 3759 617 3824 quam
643 3741 676 3806 in
702 3742 780 3808 Asia
801 3745 881 3810 seire
902 3744 1055 3826 poterant,
1079 3731 1244 3824 alibique

180 3846 257 3912 seire
277 3847 421 3928 possunt,
445 3846 497 3929 qui
524 3845 657 3930 eligunt,
686 3847 763 3912 bene
784 3848 940 3914 delectum
961 3846 1137 3914 faciendum
1159 3865 1243 3921 esse3

180 3949 362 4016 inusitatum
374 3945 551 4034 εὐκρινεῖν.
573 3949 683 4017 Scriba
695 3948 747 4018 ὅτι
759 3952 842 4028 τούς
858 3955 1245 4040 στρατευσομένους

181 4049 342 4139 μόνους
364 4055 416 4123 δεῖ
438 4056 664 4144 ἐγκρίνειν.
726 4059 763 4123 In
784 4059 939 4144 Europam
959 4061 984 4126 ii
1005 4061 1064 4126 soli
1084 4059 1198 4126 transii
1237 4060 1243 4074 '

998 4167 1045 4220 aa·
