2994 4672
507 324 508 328 ι
631 233 692 324 uio.
709 267 764 325 111.
1126 272 1188 336 453

192 551 194 556 ,
266 463 358 545 Apud
378 461 505 546 Lysiam
515 464 569 542 IV,
593 467 632 528 13
654 468 776 534 sublato
793 467 1004 533 sddItumeuto
1019 469 1229 536 scribendum:

161 559 216 632 Ἢ
228 560 341 632 ιλιινόν
352 591 402 654 γι,
414 572 445 634 σι’
458 574 506 644 εἰς
520 574 586 654 μὲν
600 567 700 639 λύσιν
719 573 781 639 τού
803 565 958 658 σώματος
980 579 1019 640 du«
1036 576 1105 642 τῶν
1126 579 1230 644 πολι-

163 672 254 756 bico
275 673 351 758 ἐξην
372 671 417 740 ἄν
436 701 497 759 ,ιιοι
519 677 668 762 χρῆσθαι
697 675 785 765 αύτῄ
819 674 839 744 ὅ
861 705 894 759 τι
923 673 1131 766 ἐβουλόμην,
1156 708 1230 748 ιιιν-

167 771 345 846 δονιύοντι
378 781 414 848 δέ
444 807 506 865 γισι
534 785 612 868 περί
648 785 709 869 τῆς
743 784 907 868 πατρίδος
941 778 1019 852 ccidi
1050 792 1230 856 πυθέσθαι

167 881 247 970 παρ’
262 881 376 972 αύτῆς
397 881 537 973 τσίληθη
559 885 773 977 ἐκγενήσεται
798 893 876 976 περὶ
899 880 946 956 σίν
968 897 1017 964 τίς
1038 889 1103 978 την
1122 895 1232 980 ιιρίσιν

167 995 374 1078 καθέστηκα.
404 993 1232 1085 Notaoretionisformscomponunturduorepugnan-

166 1099 221 1178 tie,
240 1099 372 1166 ultorum
392 1101 633 1184 hypotheticum,
655 1105 688 1168 et
701 1123 736 1168 er
751 1121 788 1168 eo
802 1105 1026 1186 comparatione
1043 1107 1232 1176 concluditur

166 1209 260 1290 (synt.
273 1205 325 1272 Gr.
349 1209 369 1286 ξ
395 1206 454 1268 189
475 1225 508 1283 s;
530 1207 584 1272 cfr.
597 1208 679 1274 Plat.
693 1209 816 1276 Menon.
835 1230 864 1291 p.
879 1209 917 1270 91
941 1209 985 1287 D,
1008 1210 1056 1288 u).
1091 1212 1128 1275 In
1149 1212 1233 1278 codi-

167 1312 254 1378 cibus
286 1315 318 1378 et
347 1311 531 1388 editionibus
563 1314 721 1380 scribitur:
757 1307 780 1398 ἢ
815 1308 929 1380 δεινόν
958 1337 1015 1400 γι·
1047 1319 1078 1382 α’
1097 1319 1147 1390 εἰς
1166 1321 1233 1402 μὲν

164 1412 264 1484 λύσιν
287 1419 349 1484 τού
371 1410 526 1501 σώματος
538 1420 643 1486 udone
664 1417 704 1486 τό
727 1412 889 1506 οἷργύρισν
906 1425 940 1485 ἐκ
953 1420 1021 1514 τῶν
1042 1419 1231 1509 πολεμίων,

168 1524 245 1610 ἐξῆν
267 1521 313 1590 ιίν
333 1549 394 1606 μοι
416 1549 446 1590 ιι.
470 1553 500 1592 τ.
529 1528 570 1604 λ.,
593 1527 648 1592 ilio
669 1520 692 1610 ἢ
716 1517 829 1592 δεινόν
857 1551 896 1612 γι
923 1529 1030 1592 contra
1057 1547 1148 1594 usum
1177 1530 1233 1596 το·-

166 1632 265 1698 solute
286 1627 395 1714 posito,
416 1631 596 1714 pravissime
618 1636 649 1698 εἰ
671 1632 777 1699 ἔλαια
798 1650 864 1723 pro
881 1636 911 1696 εἰ
934 1635 1078 1715 ἔμελλον
1101 1628 1232 1711 doissac,

166 1756 308 1819 perverse
330 1737 425 1804 suam
448 1737 530 1804 iliis:
561 1742 610 1812 εἰς
635 1741 701 1823 μὲν
723 1731 820 1804 λύσιν
841 1741 904 1804 τού
937 1733 1094 1823 σώματος
1125 1742 1174 1804 ct:
1198 1745 1233 1806 du

167 1843 236 1908 τῶν
277 1843 452 1925 πολεμίων
492 1843 647 1910 distractis
687 1845 977 1926 interpretamento,
1017 1847 1055 1909 ut·
1092 1845 1163 1936 fit,
1184 1847 1234 1910 iu-

167 1949 327 2016 oommodo
348 1951 413 2015 loco
432 1949 620 2033 interposito.
1113 2020 1115 2026 ,
1303 2024 1307 2046 ‚

268 2055 335 2120 Ibd.
365 2055 427 2133 IX,
461 2057 499 2118 21
534 2057 736 2141 παραχθεὶς,
770 2055 855 2138 quod
884 2075 938 2138 pro
975 2056 1145 2143 πραχθιίς
1177 2059 1234 2133 (sic

169 2162 251 2228 euim
271 2161 304 2224 in
326 2160 482 2226 codicibus
500 2165 560 2239 est)
582 2161 789 2238 substituitur,
811 2179 849 2224 ne
864 2160 966 2243 ipsum
979 2161 1104 2244 quidem
1126 2164 1233 2244 aptum

170 2267 211 2334 ud
250 2266 411 2334 victorium
452 2267 646 2342 iuimioorum
688 2265 933 2350 significandum.
991 2267 1134 2332 Fortasse
1174 2267 1235 2332 fuit

171 2373 453 2458 σπαραχθείς,
474 2374 602 2438 verutus
624 2375 656 2437 et
677 2370 855 2436 distractus.

270 2479 338 2544 Ibd.
370 2477 414 2554 X,
447 2478 483 2541 4:
517 2471 587 2544 oo'o’
617 2481 649 2542 σί
681 2483 773 2542 ἔστιν
805 2470 992 2562 ὀλιγαρχία,
1022 2469 1233 2560 η’πιστοίμην.

172 2584 285 2650 scrib:
309 2579 387 2649 σύτο
419 2583 457 2648 τί
481 2589 573 2651 ἐστιν
605 2577 793 2668 ὀλιγαρχία,
815 2575 875 2667 η’π.
916 2582 972 2656 XI,
994 2585 1029 2648 2:
1059 2575 1137 2656 ὥστ’
1161 2575 1235 2648 odd’

171 2685 191 2754 ὅ
213 2716 246 2756 τι
268 2682 442 2775 ὀλιγαρχία
464 2679 523 2774 ἦν,
545 2684 653 2778 ᾔδειν.

271 2796 332 2873 (De
353 2793 626 2871 miseriorum
647 2813 678 2876 p.
699 2793 782 2872 175.)

271 2901 340 2967 Ibd.
382 2899 454 2978 XH,
495 2902 533 2962 81
576 2898 748 2965 tollendum
774 2890 1064 2980 Ἐρατοσθένους,
1096 2902 1132 2964 ut
1169 2901 1236 2964 haec

172 3005 323 3088 sppeudix
345 3005 387 3070 sit
407 3005 614 3087 superiorum:
630 3007 861 3089 Κατηγσρσῑτι
883 3004 919 3068 δὲ
941 3003 995 3068 καί
1021 3004 1089 3069 τῶν
1110 2999 1235 3070 τούτου

140 3104 143 3124 ’
174 3110 329 3192 φίλανι.
354 3135 384 3172 τ.
407 3112 438 3174 λ.
480 3110 625 3176 duratum
645 3114 682 3174 ut
703 3127 783 3191 scope
806 3109 839 3172 iu
863 3109 929 3188 ιιαί,
952 3110 1081 3174 etism.

250 3214 340 3280 Ibd.
376 3214 471 3290 XIII,
506 3218 556 3278 86.
599 3217 737 3280 Priorem
762 3217 884 3297 purtem
920 3215 1010 3278 huius
1042 3215 1102 3280 loci
1136 3213 1235 3296 Saup-

172 3322 242 3404 pius
262 3324 345 3384 recto
367 3321 544 3386 emendavit
564 3317 705 3405 (σφόδρα
744 3315 859 3404 ὀρθῶς
887 3320 1028 3403 ποιησαι
1050 3314 1235 3388 Διονύσιον

164 3451 217 3514 ιη
238 3418 417 3511 α’παγσιγῄ,
436 3419 481 3510 ἣν
502 3419 641 3512 οίπσίγιι,
664 3420 912 3512 α’ναγιιύζοντις
940 3418 1234 3510 προσγράψασθαι

174 3522 212 3598 τό
224 3523 328 3616 γιέιί
350 3523 555 3618 uisceribus),
577 3532 913 3615 inposterioreomisse
932 3532 1072 3614 quosdam
1093 3531 1236 3597 videntur
1259 3539 1264 3562 ²

174 3637 214 3702 ob
235 3635 476 3717 similitudinem,
498 3657 565 3720 quae
592 3639 636 3703 sic
656 3638 824 3722 supplendo
844 3641 935 3720 puto:
970 3633 990 3721 ἢ
1012 3638 1081 3704 πού
1103 3631 1147 3702 σίν
1168 3639 1234 3720 εἴη,

175 3748 211 3808 σι’
232 3736 287 3826 μή
310 3738 415 3808 ὅπου
437 3743 687 3828 πρῶτονμὲν.
711 3794 718 3812 .
741 3793 750 3810 .
774 3748 881 3817 αἴτιος
903 3747 1033 3830 γίνοιτο
1057 3736 1235 3821 θανσίτοσς

275 3847 343 3913 Ibd.
378 3847 463 3924 XIX,
498 3850 540 3910 44
572 3850 679 3936 scriba
717 3844 779 3918 ούιι
813 3843 857 3914 ιίν
889 3846 1026 3922 εἰκότας
1058 3843 1151 3932 ἡμᾶς
1177 3853 1235 3934 αί-

176 3955 343 4020 vedace.
829 3965 832 3974 ¹
