2944 4660
286 264 327 328 24
727 265 787 321 Lib.
803 268 825 322 1.

243 459 327 524 tiunt
346 459 516 526 hermerus
538 461 570 526 et
590 461 763 528 Meinekius
788 464 820 528 et
841 464 918 530 satis
937 464 1039 545 patet;
1062 483 1128 546 quae
1149 465 1233 532 euim
1254 465 1309 530 ho-

243 563 364 630 minum
383 563 503 632 luxuria
526 584 563 630 ex
584 584 620 630 eo
635 566 835 652 significetur,
857 569 939 651 quod
959 568 998 634 iis
1015 585 1077 634 sou
1101 571 1248 636 eventura
1268 572 1310 636 sit

243 669 365 739 decima
386 669 666 766 Syracusanommf
687 673 842 738 medicina
855 673 991 738 nondum
1010 676 1132 756 reperte
1154 675 1211 752 en,
1241 695 1309 758 quoe

245 795 307 842 non
334 775 470 875 difficilis
499 779 561 852 est;
597 776 791 844 scribendum
824 778 872 844 ost
903 779 995 844 euim·
1020 785 1201 858 ἐξικνοῖτο,
1235 799 1308 846 non

244 881 494 948 suffecturam
516 881 566 947 iis
593 881 640 963 (in
667 884 783 950 talibus
805 883 1001 967 surnptilms)¹
1023 885 1209 952 decimam
1231 887 1309 972 Syr.

242 987 301 1054 Est
331 988 437 1050 temen
468 987 528 1052 hoc
559 988 707 1056 mendum
744 988 899 1074 Stephano
938 989 1108 1073 Byzantiuo
1138 972 1308 1075 entiquius.

243 1091 336 1176 Apud
352 1091 490 1156 eundem
509 1092 719 1161 Straboneml
730 1104 760 1178 p.
780 1094 817 1156 16
832 1094 1026 1177 Hipparchus
1038 1113 1120 1173 eum,
1143 1097 1196 1179 qui
1218 1116 1309 1164 omne

244 1217 341 1282 genus
359 1197 495 1264 scientie
517 1200 549 1263 et
570 1199 646 1266 artis
667 1201 802 1265 Homero
815 1200 949 1277 tribuet,
973 1201 1117 1266 similiter
1134 1203 1234 1270 fecero
1256 1205 1309 1284 ait,

244 1298 288 1376 τίς
307 1297 351 1368 σίν
373 1301 407 1368 τί
425 1329 477 1377 τις
499 1298 660 1389 Ἀττικῆς
684 1300 878 1388 εἰρεσιώνης
904 1308 1109 1392 κατηγοροίη
1137 1310 1191 1374 καί
1214 1305 1238 1374 ὀί
1258 1307 1308 1394 μη

244 1403 386 1476 δύναται
416 1412 545 1494 φέρειν,
575 1413 667 1495 μῆλα
698 1412 751 1476 καί
784 1406 917 1496 ὄγχνας.
965 1413 1200 1480 Alienissimum
1228 1434 1247 1480 a
1275 1435 1309 1480 re

244 1515 407 1581 accusandi
428 1517 557 1582 verbum
572 1520 634 1594 στος
657 1516 821 1600 requiritur
843 1518 875 1582 et
897 1518 1083 1584 senteutiam
1099 1519 1310 1600 expleturum

244 1615 435 1706 ecvapepie,
475 1621 699 1704 suspendat.
754 1622 967 1706 Adiungamus
1000 1623 1095 1688 otiam
1126 1627 1225 1706 poete
1258 1645 1310 1691 ex·

245 1731 410 1812 emplum
444 1727 527 1792 Nam
554 1727 718 1810 Sophocles
745 1729 778 1792 in
809 1727 979 1792 Trachiniis
1006 1729 1086 1803 323,
1115 1729 1168 1794 ubi
1198 1730 1309 1796 Liches

244 1837 328 1902 Iolen
350 1834 444 1912 dicit,
465 1832 492 1898 si
514 1832 588 1916 quid
609 1833 768 1917 loquetur,
790 1849 912 1916 prorsus
935 1851 954 1896 a
975 1835 1139 1916 superioris
1160 1836 1309 1917 temporis

244 1939 462 2006 cousuetudine
499 1937 722 2016 decessorem,
758 1958 858 2023 neque
895 1929 1005 2022 στόμα
1045 1940 1163 2004 διοίσει
1196 1941 1309 2022 posuit,

244 2045 325 2130 quod
345 2045 422 2110 nihil
448 2062 517 2109 esse
546 2045 754 2122 consentiunt,
787 2063 887 2129 neque
916 2037 1024 2128 διήσει
1053 2047 1108 2129 (--
1132 2063 1204 2110 nam
1226 2045 1311 2110 eliud

244 2152 292 2216 est
304 2143 422 2233 φωνην
439 2151 492 2214 aut
507 2151 664 2236 γλῶσσαν
681 2154 776 2230 ἱέναι,
799 2151 883 2215 aliud
895 2151 1025 2229 διιέναι,
1045 2151 1078 2216 id
1096 2152 1145 2216 est
1159 2149 1310 2231 nihil—)‚

245 2256 301 2322 rod
322 2256 368 2340 sic
386 2254 527 2338 scripsit:
629 2275 637 2282 ·

395 2358 437 2426 αὖ
459 2358 544 2445 stipor
567 2362 612 2446 τῷ
633 2386 670 2448 ys
695 2354 853 2444 πρόσθεν
875 2358 976 2428 οὐδὲν
998 2369 1030 2440 ἐξ
1052 2366 1128 2430 ἴσον

395 2461 502 2558 χρόνῳ
526 2468 640 2544 dicitu
666 2470 831 2554 γλῶσσαν.

329 2573 398 2638 Non
429 2575 496 2640 tem
526 2574 624 2656 ipsius
656 2575 744 2639 verbi
776 2595 870 2658 quam
905 2575 1012 2640 formae
1048 2575 1175 2640 alicuius
1208 2576 1311 2642 minus

167 2711 170 2714 ·
245 2681 337 2748 tritus
359 2699 433 2746 usus
455 2678 536 2762 apud
558 2680 727 2746 Lucienum
748 2679 857 2745 Abdic.
890 2681 927 2742 17
957 2681 1073 2759 effecit,
1103 2684 1139 2746 ut
1160 2681 1312 2746 substitu-

247 2788 350 2852 eretur
381 2786 465 2852 eliud
496 2786 625 2850 verbum
656 2805 718 2850 une
757 2787 864 2854 littera
893 2787 1030 2870 longius,
1068 2807 1129 2852 una
1164 2789 1313 2870 praeterea

247 2879 398 2958 differeris·
430 2891 541 2956 Editur
564 2893 663 2958 enim:
679 2887 796 2958 Ὅταν
817 2893 904 2976 γοῦν
926 2887 1090 2965 πσλλσίκις
1112 2888 1313 2976 ποιήσωμεν

185 3013 189 3020 “
246 2995 312 3083 ἤδη
352 2997 499 3081 πλησίον
542 3002 703 3084 γενέσθαι
753 3000 816 3064 τοὺ
858 3001 974 3072 τέλους
1016 3002 1069 3065 καί
1109 3001 1311 3080 ἐλπίσωμεν.

248 3097 453 3188 ἐμπεσόντι
475 3099 603 3188 μικρὸν
632 3097 840 3189 ἁμάρτημα,
870 3102 1133 3189 ἐπακμάσαντος
1160 3106 1223 3170 τοὺ
1245 3097 1314 3170 ποί-

247 3219 347 3288 θοσς,
369 3206 508 3277 ἅπαντα
531 3211 652 3296 ῥᾳδίως
674 3216 785 3276 ἐκεῖνα
808 3204 1003 3294 ἀνέτρεψεν,
1025 3229 1119 3295 quam
1140 3211 1225 3276 nulla
1244 3229 1315 3275 seu·

247 3318 362 3394 tentia,
388 3316 548 3384 ostendere
575 3316 676 3399 potest
698 3315 828 3382 Gesneri
855 3317 1186 3402 interpretationum
1215 3316 1315 3380 enim

247 3443 346 3506 saepe
372 3423 588 3500 effecimus,
612 3424 655 3486 ut
675 3441 793 3504 prope
814 3422 932 3488 finem
955 3421 1089 3500 simus,
1123 3441 1206 3487 cum
1227 3439 1316 3504 spo-

225 3548 390 3606 Χ18111113,
413 3529 485 3606 oet,
516 3529 575 3594 etsi
603 3529 689 3592 ποιῶ
717 3534 880 3614 γενέσθαι
910 3531 1057 3613 πλησίον
1082 3528 1223 3594 Graeoum
1249 3543 1316 3590 om-

248 3636 320 3702 nino
342 3654 403 3700 non
426 3635 474 3699 est
498 3636 556 3714 hoc
584 3634 788 3719 significatu);
817 3635 916 3700 bonus
937 3634 1096 3700 Marcilius
1118 3631 1210 3698 scribi
1230 3631 1317 3696 volu·

249 3742 315 3810 erat
343 3733 530 3824 οἰηοοηιεν,
558 3739 722 3805 berberem
748 3741 878 3804 formem
904 3759 1037 3824 ponens,
1064 3737 1250 3804 sententiam
1270 3737 1317 3801 vi-

249 3847 339 3925 dens;
362 3847 513 3912 Lucienus
534 3845 682 3930 posuerat
704 3846 894 3932 οἰηθῶμεν.
926 3844 1082 3910 ELatinis
1098 3843 1215 3910 Seneca
1235 3862 1317 3908 cons.

250 3953 451 4020 edMarciam
474 3953 524 4029 17,
547 3952 568 4014 6
587 3954 733 4018 naturam
753 3953 908 4019 dicentem
923 3951 1051 4029 inducit,
1072 3951 1226 4016 incertum
1240 3967 1318 4025 esse,

250 4059 399 4143 numquid
423 4057 512 4122 lrlreri
532 4058 598 4122 nati
618 4058 736 4124 fruetus
758 4057 934 4142 lmtitiaque
956 4057 1080 4121 allaturi
1101 4055 1180 4120 siut:
1210 4055 1266 4119 Tu
1286 4053 1320 4118 si
