3014 4666
303 231 362 326 διο
729 261 789 316 ura.
808 261 845 316 11.

341 462 479 543 ¹Omitto
502 482 563 537 eos,
584 463 637 546 qui
656 463 723 540 hoe¹
736 461 882 542 quattuor
902 481 1009 528 nereus
1023 465 1145 542 tollunt,
1169 464 1248 547 quod
1270 483 1321 528 eos

260 559 630 653 annumerandam
653 586 711 634 nec
722 565 908 650 Seyffertum
923 559 1034 646 moror,
1056 570 1320 635 aliarum'nrbinm

259 675 436 739 inimicitias
465 677 497 740 et
528 673 654 738 hostilia
682 673 754 738 odia
780 659 946 755 significari
972 676 1151 756 putantem,
1182 677 1214 740 in
1246 695 1322 760 quas

259 780 413 863 piaculum
436 780 574 844 delatum
596 779 647 853 sit,
669 778 856 860 mirificeque
868 777 913 842 sic
928 781 1138 864 corrigentem,
1165 784 1202 846 nt
1223 775 1322 855 ιάνος

261 885 462 971 καθαγίζειν
489 882 677 971 πράγματα
709 877 844 948 πόλεσιν
868 883 1018 949 dicantur.
1072 886 1154 951 Nam
1177 905 1248 952 eum
1272 889 1322 954 vel

260 993 360 1058 solum
381 1011 514 1075 praesens
533 981 824 1077 συνταράσσονται
837 988 869 1052 et
882 989 1016 1056 aoristns
1032 987 1227 1079 ιαθήγιοον
1248 1002 1321 1073 (non

260 1097 348 1164 ὅσων
376 1092 420 1162 άν
446 1135 487 1144 --
509 1097 745 1182 ιιαθανίσωσιν
776 1093 814 1158 de
840 1111 873 1157 re
906 1095 1020 1169 mena)
1053 1097 1206 1168 refellunt.
1261 1100 1321 1165 Sed

259 1209 363 1270 tamen
392 1223 451 1268 non
477 1204 581 1268 minus
609 1202 724 1266 frustra
746 1197 951 1266 defenduntur
970 1201 1003 1266 in
1024 1203 1150 1288 vulgata
1171 1204 1323 1288 scriptura

260 1305 393 1378 addeum
417 1303 663 1396 σπαράγματα,
692 1301 1006 1390 θοείισπαράγματα
1030 1327 1086 1390 per
1107 1327 1141 1373 se
1161 1309 1322 1394 aptissime

259 1417 543 1492 commemorantur.
588 1413 730 1486 Tiresias,
753 1409 832 1474 unde
854 1411 968 1476 onena
987 1414 1053 1478 sint
1073 1414 1223 1480 illaante
1245 1416 1319 1481 Gre-

259 1523 339 1587 ontis
361 1520 440 1585 aedes
458 1521 525 1598 (hoc
538 1519 621 1590 enim
638 1515 815 1601 significant
828 1517 922 1581 verba
937 1531 1090 1600 pacet-
1102 1534 1175 1593 σοις
1188 1515 1319 1604 δόμοις)

259 1623 392 1711 α’νδρῶν
404 1617 780 1713 γοναιιώνκοιύμοτο,
804 1623 935 1703 exponit,
958 1626 1322 1710 generalique‘aententia

258 1733 359 1810 addit,
396 1732 486 1796 urbes
508 1731 546 1795 iis
569 1729 765 1796 miseratione
786 1729 818 1791 et
845 1725 1055 1812 indignatione
1078 1719 1185 1798 adesse
1209 1736 1318 1814 solere,

258 1857 385 1922 qnorum
405 1856 422 1902 e
439 1837 614 1919 corporibus
628 1833 773 1919 proiectis
784 1833 882 1898 ausu
894 1833 1014 1900 dimlsa
1035 1836 1067 1900 in
1083 1836 1183 1902 locum
1198 1857 1320 1904 sacrum

258 1943 489 2025 canesferaeque
508 1941 691 2024 pertulerint
714 1943 745 2005 et
770 1939 858 2022 qnasi
880 1940 1091 2018 sacrificarint,
1118 1944 1198 2025 quod
1215 1927 1321 2010 in'Po·

256 2049 365 2134 lynieia
389 2065 513 2129 corpore
532 2047 672 2111 futurum
693 2045 827 2126 Tiresias
850 2046 955 2126 putat:
1116 2038 1118 2046 ’

294 2152 364 2240 Ἔχ
373 2161 454 2237 θρα
466 2153 522 2230 (sio
533 2151 688 2229 Reiskius)
706 2152 738 2216 δὲ
755 2177 780 2214 π
791 2152 838 2215 ἇσ
850 2177 860 2213 ι
884 2143 1175 2233 συνταράσσονται
1188 2147 1320 2230 πόλεις,

300 2258 388 2328 ὅσον
410 2250 627 2343 σπαράγματ’
648 2250 671 2341 ἢ
694 2249 1013 2343 νάνεςναδήγισαν
1035 2283 1113 2324 m.
1139 2261 1168 2324 λ.

357 2367 467 2431 Restat
486 2364 564 2429 illud
579 2364 644 2428 sine
660 2363 752 2428 dubio
767 2363 948 2430 mendosum
966 2365 1140 2450 ἑστιοῦχον
1156 2372 1190 2439 ἐς
1207 2360 1322 2445 πόλιν,

259 2473 340 2556 qnod
360 2489 457 2553 neque
478 2488 534 2552 per
556 2487 589 2534 se
615 2465 716 2540 πόλις
743 2470 850 2550 aptum
863 2477 865 2484 ’
879 2471 941 2545 eat,
970 2469 1093 2534 etiamsi
1121 2469 1165 2534 de·
1187 2472 1320 2554 acropoli

257 2577 399 2661 accipias,
420 2593 519 2658 neque
531 2577 602 2657 post
614 2567 732 2647 πόλεις
743 2575 901 2640 ferendum
912 2573 1041 2640 videtur.
1086 2574 1172 2654 Quod
1194 2576 1319 2658 quidem

256 2702 352 2766 nuper
382 2673 492 2746 πόλον
522 2680 726 2763 scripserunt,
758 2699 794 2744 ex
823 2697 859 2744 eo
888 2679 966 2744 nihil
990 2681 1067 2745 recti
1095 2680 1174 2752 effici
1207 2683 1319 2764 potest.

256 2789 367 2872 Aptius
406 2791 488 2850 esset
527 2785 735 2862 (Atheniensis
775 2785 820 2850 rei
857 2784 1112 2867 significationem
1127 2787 1317 2865 continens)

257 2886 376 2959 θόλον.
420 2890 481 2955 Sed
501 2881 699 2955 res'incerta.
728 2897 733 2904 ’

356 2995 459 3062 lllcct.
483 2995 553 3060 501.
604 2996 690 3060 Adeo
714 2994 851 3059 insolens
879 2985 919 3061 εὖ
941 2990 1141 3082 κατασχήσει
1164 2999 1203 3064 de
1237 3000 1318 3065 bono

257 3105 377 3180 eventu,
399 3103 435 3166 ut
456 3101 653 3167 scribendum
675 3101 811 3183 suspicer
832 3091 872 3166 εδ
895 3105 1189 3187 καταστρέψει.

357 3206 424 3272 Ibd.
449 3207 508 3268 566
533 3225 616 3289 sqq.:
715 3243 717 3258 ι

381 3304 514 3394 ,Πατήρ
537 3305 624 3376 ποθ’
646 3305 769 3395 οὑμός,
791 3307 835 3385 οἷς
858 3307 920 3402 ἐγώ
945 3308 1044 3388 cirin,
1068 3315 1156 3389 θεάς

391 3421 522 3497 παίζων
544 3411 615 3482 κατ’
638 3414 742 3491 άλσος
763 3421 953 3504 ἐξιαίνησεν
976 3421 1099 3486 ποδοῖν

393 3518 530 3620 στιντδν
551 3522 718 3609 κεράστην
740 3528 867 3607 ἔλαφον
891 3551 918 3590 κ.
942 3551 972 3590 τ.
997 3529 1026 3590 λ.
1151 3563 1155 3568 -

355 3632 426 3696 Non
456 3630 556 3696 solnm
585 3631 765 3696 excitavisse
795 3632 988 3715 Agamemno
1024 3651 1148 3698 cervum
1186 3633 1229 3709 (in
1258 3651 1317 3718 quo

256 3737 332 3801 mire
354 3737 489 3802 abundat
516 3737 656 3814 ποδοῖν,
687 3735 746 3800 nisi
774 3735 841 3818 quis
872 3739 962 3820 putat
983 3737 1161 3822 Sophoclem
1190 3756 1315 3803 cervum

255 3843 369 3907 dixisse
381 3843 519 3925 quietum
541 3843 682 3918 iacuisse,
704 3843 801 3907 denec
818 3841 883 3906 ictu
902 3845 1015 3925 pedum
1032 3845 1237 3923 excitaretur),
1260 3844 1315 3909 scd

256 3968 346 4015 cursu
357 3949 467 4014 vicisse
480 3950 511 4013 ct
522 3949 639 4030 cepisse
653 3947 841 4014 tradebatur.
873 3951 983 4032 ltaque
999 3949 1067 4016 dnae
1084 3951 1198 4016 litterae
1209 3949 1315 4014 sedem

254 4059 429 4138 permutare
455 4055 577 4133 debent,
606 4055 642 4120 ut
660 4055 702 4120 sit
725 4057 960 4140 ἐξενίκησεν
982 4058 1114 4124 ποδοῖν.
1169 4057 1315 4134 (Ποδοῑν
