3000 4668
649 281 711 338 Lib.
731 281 785 340 ΙΙΙ.
1152 279 1214 344 343

192 474 504 564 advertetandem)
527 470 600 542 ἀλλ’
621 469 695 544 οὐδ’
718 477 792 542 ἐπεὶ
814 471 833 542 o‘
852 469 993 562 ξεναγός
1013 465 1263 560 τσῶςπρσιλια-Ι

191 587 348 670 βεβῶτας
372 577 489 669 λαβῶν
510 575 692 646 ῶπολιπῶν
719 575 848 654 αὐτούς
869 579 984 669 ᾤχετο,
1006 575 1080 649 οὐδ’
1102 576 1146 672 ῶς
1170 570 1272 646 λίπε-ι

193 685 391 776 στροίφηοαν
414 717 442 754 ιι.
466 715 496 754 τ.
521 691 550 753 λ.
605 688 754 771 Apparet,
774 689 845 770 post
864 687 1075 770 parenthesin,
1107 687 1145 752 de
1167 687 1253 753 onius

191 797 406 862 terminatione
432 814 531 879 neque
558 813 613 877 per
639 812 679 885 se
698 811 798 876 neque
825 795 950 876 propter
971 791 988 875 ἕ
1011 793 1050 853 11
1076 795 1146 859 nlla
1166 793 1256 858 dnbi-

191 903 268 967 tatio
290 904 352 976 est,
384 885 457 966 ante
478 893 551 965 αλλ’
574 892 646 965 οὐδ’
666 897 840 963 desiderari·
862 897 995 980 aliquid3
1024 897 1056 962 id
1079 898 1256 966 huiusmodi

191 1009 265 1074 fnit:
299 1002 373 1092 οὐχ
395 1003 509 1078 ὅπως
531 998 789 1088 α’πίστησαν,
817 996 891 1078 αλλ’
913 996 988 1070 οὐδ’
1010 1005 1084 1070 ἐπεὶ
1110 1030 1139 1068 κ.
1161 1029 1190 1069 τ.
1214 1007 1255 1082 λ.,

192 1115 251 1178 etsi
273 1113 401 1179 verbnm
423 1111 507 1206 'alind
527 1111 588 1177 fnit
610 1104 803 1191 (α’πέλιπον,
826 1104 997 1198 α’πῄιοαν,
1020 1114 1103 1189 eet).

289 1209 357 1282 Ibd.
375 1193 438 1300 §8
465 1217 661 1284 scribendum
688 1218 749 1281 est:
785 1208 912 1280 τῶνδ’
944 1216 1091 1284 ἔνδοθεν
1126 1220 1158 1280 οἱ
1190 1218 1255 1300 μὲν

192 1321 334 1388 ἐπλτσῶ
354 1325 486 1410 τείχους
509 1323 567 1400 (sie
587 1322 790 1388 Iaeunelavins
816 1339 871 1406 pro
896 1322 952 1388 ἐπὶ
980 1315 1019 1387 τῶ
1050 1319 1189 1408 τεῖχος),
1222 1325 1254 1386 οἱ

192 1430 226 1494 dd
249 1431 304 1496 καί
323 1435 485 1494 ἔσωθεν
507 1430 574 1513 (pro
586 1427 727 1509 ἔξωθεν)
751 1432 798 1491 ἔτι
822 1417 1137 1515 ἀναβαίνοντες
1157 1423 1255 1498 ταῶς

192 1537 259 1600 ἐπὶ
296 1535 418 1620 (vulget
455 1529 711 1619 α’ναβαίνοντας
744 1534 814 1613 ἐπί)
846 1547 922 1607 ταῖς
961 1535 1120 1619 κλίμαξιν
1152 1528 1255 1606 ὄντας

191 1651 326 1717 ἔπαιον,
349 1647 381 1706 οἱ
404 1641 438 1707 (λλ
460 1646 533 1706 eet:
555 1723 558 1734 1
578 1659 699 1722 eorum,
730 1641 783 1724 qni
805 1641 898 1706 ‘intus
928 1637 968 1706 ad
996 1659 1120 1728 murum
1148 1639 1255 1704 desen·

191 1748 326 1812 dendum
347 1749 557 1824 accurrerant,
588 1747 641 1812 alii
661 1747 724 1812 iam
746 1747 779 1812 in
800 1765 888 1812 muro
910 1749 1046 1822 stantes,
1068 1747 1121 1813 alii
1143 1746 1254 1810 etiam-

188 1855 264 1918 tuno
293 1873 328 1918 er
349 1853 496 1920 interiore
516 1853 604 1935 parte
626 1852 848 1918 adscendentes
870 1866 937 1928 eos,
960 1843 1018 1935 quiJ
1033 1853 1085 1930 (ab
1106 1851 1254 1916 exteriore

188 1961 289 2040 parte)
311 1957 351 2024 ad
372 1958 472 2024 scales
500 1958 621 2041 (quibus
648 1945 823 2038 evaserant)
853 1960 956 2036 erant,
993 1958 1161 2032 feriebant,
1197 1959 1253 2021 eet.

189 2065 258 2142 His,
280 2065 333 2148 qui
355 2065 411 2130 ἐπὶ
433 2077 508 2137 ταῖς
531 2065 688 2149 κλίμαξιν
710 2067 799 2132 erant
819 2065 912 2148 (qnod
933 2066 1062 2148 apparet
1080 2082 1142 2129 non
1163 2063 1254 2146 longe

189 2170 325 2252 separari
354 2170 392 2234 ab
419 2171 475 2235 ἐπὶ
504 2169 572 2236 τῶν
594 2163 789 2254 κλιμάκων),
811 2169 955 2236 nonnam
976 2171 1049 2234 sunt
1071 2175 1103 2234 οἱ
1125 2161 1255 2254 ‹inoste-

186 2272 332 2359 βηιότες
353 2275 544 2359 inprorimo
565 2277 696 2356 versu.²)

257 2449 261 2462 ,
287 2381 353 2447 lbd.
368 2381 386 2464 ἕ
399 2381 437 2443 17
451 2381 602 2464 seriptum
622 2383 717 2448 fuisse
739 2383 859 2465 opinor:
882 2383 1036 2468 χαλεπῶς
1056 2384 1123 2466 μὲν
1144 2375 1253 2466 πιμιίν

189 2488 403 2570 πορίζοντες,
433 2488 588 2571 χαλεπῶς
611 2487 646 2552 δὲ
671 2483 755 2560 ταῶς
775 2489 1029 2572 κομίζοντας
1061 2488 1129 2571 (pro
1153 2487 1253 2568 πορί-

188 2599 318 2672 ζοντας)
331 2586 632 2677 διαπραττόμενοι,
651 2593 813 2680 γλίσχρως
835 2588 864 2661 d’
886 2590 1054 2681 ἐνγυητῶς
1067 2587 1252 2659 καθιστῶν-

187 2724 243 2771 τες
270 2699 338 2764 τῶν
365 2693 516 2775 α’ξόντσιν
544 2692 748 2785 ὑποζυγίων.
796 2700 985 2776 Difficulter,
1018 2701 1070 2784 qui
1097 2702 1253 2783 portarent

187 2806 340 2880 (iumenta
360 2805 516 2888 portantia
537 2807 681 2890 regerent
702 2807 733 2880 et
755 2805 998 2884 comitarentur),
1019 2806 1225 2870 inveniebant,

286 2911 353 2977 Ibd.
376 2913 407 2990 4,
429 2912 485 2976 il:
522 2904 585 2977 οὐκ
619 2905 782 2977 ἐδύναντο
816 2913 1030 2995 καταπρᾶξαι
1064 2907 1148 2976 dieas
1171 2903 1252 2982 ταῶς

187 3017 255 3080 τῶν
277 3017 446 3083 Φλιασίων
468 3011 623 3103 φυγάδας
644 3022 762 3102 μένειν
792 3023 829 3083 ἐν
851 3019 897 3104 τῷ
925 3009 1123 3103 Τρικαράνῳ
1148 3012 1192 3090 ῶς
1215 3023 1252 3081 ἐν

160 3183 163 3194 ,
187 3145 229 3206 τῃ
259 3122 387 3187 ἑαυτῶν
414 3116 511 3188 πόλει
540 3129 692 3210 ἔχοντας.
740 3123 1113 3210 Insolentissimum·a'·'pm
1143 3118 1186 3197 ῶς
1216 3129 1251 3189 ἐν

188 3229 229 3313 τῇ
252 3230 405 3312 ἐμαυτοῦ
433 3223 548 3294 πόλει.
597 3229 675 3295 Son:
714 3225 758 3302 ῶς
781 3237 818 3297 ἐν
850 3231 891 3317 τῇ
915 3231 1043 3295 ἑαυτῶν
1066 3223 1163 3296 πόλει
1187 3235 1250 3296 οί-

189 3327 378 3406 κσῶντας.
516 3407 520 3426 ,
983 3325 986 3338 '
1142 3348 1144 3354 ’

286 3439 454 3522 lontio:
478 3439 675 3525 νομίζοντες
690 3437 797 3516 οὕτως
819 3435 864 3506 ῶν
885 3433 1035 3526 μάλιστα
1058 3436 1251 3527 α’πολαβελν

213 3683 235 3752 1)
253 3685 313 3741 Ibd.
324 3692 340 3752 ς
352 3689 390 3764 161
403 3688 540 3756 πρόξενον
558 3689 751 3760 appellativum
767 3707 823 3744 esse
842 3695 869 3746 et
887 3691 952 3748 ordo
971 3689 1112 3751 verboram
1131 3691 1250 3748 ostendit

257 3777 388 3868 (adequin
406 3777 517 3833 dixisset
536 3781 678 3848 Πρόξενον
701 3782 750 3837 τὸν
771 3785 862 3848 Πελλ.)
889 3787 917 3836 et
934 3800 984 3838 res.
1021 3762 1160 3840 Laudatur
1178 3783 1249 3839 enim

254 3872 382 3926 memoria
393 3871 506 3941 hospitii
518 3873 546 3926 in
559 3873 631 3928 bello
643 3877 755 3930 servata.
791 3875 919 3945 Captivos
936 3878 1045 3931 omnino
1065 3873 1132 3933 ἄνευ
1144 3877 1249 3945 λύτρων

255 3963 391 4018 dimittere
417 3964 517 4020 Gracia
534 3967 563 4020 in
584 3971 701 4022 mentem
719 3985 773 4024 aon
792 3969 930 4035 veniebat,
960 3985 994 4024 ne
1011 3969 1122 4024 laudare
1140 3969 1246 4038 quidem

253 4053 363 4112 saetam.
