3004 4676
623 339 682 396 Lib.
701 339 748 394 IV.
1112 339 1172 400 555

257 521 559 618 rbd.424(3‚1e)'
590 537 622 602 in
651 555 742 602 versu
763 537 890 602 Hesiodi
922 537 1118 602 scribendum
1155 539 1218 602 est:

158 648 264 728 παρὲκ
297 636 473 729 Πανόπην
506 645 599 710 δῖαν
631 635 792 728 Γληχωνιί
826 637 855 708 τ’
888 635 1059 727 ἐρυμνήν·
1106 641 1220 720 (Codex

158 751 293 833 optimus
315 775 458 836 πανοπη
481 744 559 831 διαί.)

256 857 323 924 Ibd.
347 859 408 919 429
431 857 472 936 (4,
499 857 563 934 18):
593 850 686 940 πλην
708 858 739 919 εἰ
760 848 842 927 ‘ruric
864 855 1066 937 Κουρῆτας,
1101 849 1162 926 οὓς
1183 857 1220 917 ἐν

156 963 252 1046 μέρει
275 965 416 1026 τακτέον
437 963 507 1026 τών
528 959 737 1028 Αἰτωλικῶν.
775 959 854 1025 Ser:
883 983 918 1026 rr.
941 963 972 1023 εἰ
993 985 1021 1025 τ.
1044 962 1089 1026 Κ.
1114 955 1162 1031 ως
1184 966 1221 1024 ἐν

157 1070 251 1149 μέρει
275 1070 416 1156 τακτέον
437 1093 466 1134 τ.
489 1069 567 1135 Αἰτ.
922 1147 925 1154 ,

257 1173 324 1238 Ibd.
353 1173 412 1234 431
450 1173 495 1250 (5,
524 1173 571 1248 5);
608 1165 686 1237 οὐδὲ
720 1167 785 1256 φοίρ
822 1167 1062 1257 συστρατεύειν
1090 1164 1140 1242 ’ἄν
1174 1170 1219 1254 τῷ

157 1271 306 1363 Ἀχιλλεῖ
334 1272 363 1355 (0‘
387 1279 512 1357 Φοίνιξ)
539 1273 677 1353 δόξειεν,
710 1271 795 1342 α’λλσί
830 1272 940 1360 μόνον
974 1272 1096 1364 ὀλίγων
1130 1278 1221 1341 ἐστίν

159 1378 341 1468 έπιστσῖτης
364 1385 417 1448 κοιλ
443 1380 551 1468 ρἠτωρ
574 1389 733 1447 ἕπεσθαι.
766 1384 827 1448 Pru
843 1385 992 1467 corruptis
1012 1384 1074 1447 illis
1097 1375 1221 1467 ὀλίγων

159 1491 259 1564 ἐστὶν,
290 1507 356 1572 quae
378 1490 550 1555 Meinekius
571 1487 658 1574 sacili¹
677 1488 799 1553 delendi
819 1489 953 1556 remedio
977 1488 1106 1564 sanavit,
1129 1488 1221 1552 scribi

158 1593 251 1659 debet
273 1588 292 1658 ε’
304 1597 488 1680 λιγσετεῑ
509 1595 656 1671 (nondum
678 1594 764 1658 annis
786 1595 927 1670 maturo).

258 1699 375 1764 Eadem
390 1721 460 1785 pag.
482 1701 523 1779 (5,
547 1703 577 1778 d)
600 1702 632 1764 in
654 1699 757 1764 ccdicc
779 1701 894 1780 optimc
916 1701 969 1777 (A)
992 1700 1037 1764 sic
1059 1697 1219 1763 scribitur:

159 1810 195 1870 ἐν
218 1805 252 1872 δέ
277 1807 320 1892 τῇ
344 1799 431 1892 χαίροι
448 1804 557 1896 ταέτη
579 1809 633 1871 καὶ
656 1799 694 1870 ud
711 1801 869 1871 Θετίδιόν
892 1810 960 1870 ἐστι
984 1804 1131 1888 πλησίον
1153 1805 1222 1869 ταῖν

161 1904 347 1994 Φαρσάλων
360 1905 503 1996 οἷμφοῑν,
526 1912 588 1997 τῆς
609 1939 646 1977 τε
669 1912 895 1983 παλαιάςκαί
919 1911 980 1994 της
1001 1915 1091 1985 νέας,
1115 1959 1154 1977 ..
1181 1960 1188 1974 .
1214 1955 1221 1971 .

160 2019 303 2100 (sexferc
319 2017 432 2083 litterae
449 2017 572 2097 desunt)
596 2043 613 2091 ς
635 2012 697 2083 σιίκ
719 2012 764 2083 δν
785 2018 847 2082 τοῦ
861 2015 1020 2083 Θετιδίσν
1042 2041 1222 2101 τεκμαιρο-

159 2129 275 2206 μένοις
296 2125 357 2206 της
377 2117 446 2188 έπδ
472 2125 517 2208 τῷ
540 2109 691 2210 Ἀχιλλεῖ
711 2127 814 2208 μέρος
839 2121 926 2188 εἶναι
953 2123 1006 2187 καλ
1032 2115 1132 2208 τήνδε
1155 2117 1222 2208 την

159 2223 280 2316 χώραν.
329 2229 375 2294 Er
395 2229 443 2294 his
466 2229 611 2296 efficitur:
642 2232 703 2314 τῆς
726 2233 816 2303 νέας,
846 2229 1009 2300 οἰκείως
1031 2241 1118 2302 τοῖς
1142 2221 1222 2292 κᾶν

161 2343 199 2402 ἐκ
228 2335 291 2401 τοῦ
317 2335 476 2401 Θετιδιόο
503 2339 784 2422 τεκμαιρομένοις
811 2337 872 2418 τῆς
900 2328 969 2400 uiuri
998 2336 1043 2419 τῷ
1071 2327 1223 2420 Ἀχιλλεῖ

151 2445 261 2526 ,μέρος
276 2441 371 2506 ἐἶναι
396 2465 423 2505 κ.
447 2466 476 2507 τ.
501 2467 528 2506 τ.
551 2463 578 2526 χ.
886 2521 891 2526 ¹

217 2544 225 2570 ⁸
259 2547 326 2611 Ibd.
334 2547 396 2608 433
420 2548 464 2624 (5,
486 2546 517 2620 9)
540 2547 652 2611 excidit
672 2545 798 2610 verbum
821 2546 859 2612 cb
881 2544 1114 2609 similitudinem
1136 2543 1223 2608 litte-

159 2673 277 2729 rarum;
300 2651 393 2718 scribi
408 2651 488 2716 enim
504 2654 642 2734 oportet:
667 2648 718 2717 ὅτι
743 2652 777 2716 δὲ
792 2646 810 2716 ὁ
827 2644 1010 2735 Σπερχειὸς
1033 2643 1222 2734 ἐπιχώριος,

160 2766 194 2824 ὲλι
218 2783 254 2822 τε
277 2757 340 2822 τοὺ
360 2759 495 2841 τρέφειν
513 2757 626 2843 ἐκείνῳ
641 2753 705 2842 την
723 2753 835 2842 κόμην
858 2751 1001 2840 φσίσκειν
1023 2758 1221 2838 ἐμφαίνει

161 2865 214 2929 καλ
237 2865 299 2928 τοὺ
320 2855 381 2927 τδν
405 2864 684 2929 Μενέσθιον
711 2865 897 2949 Σπερχειοῦ
922 2865 1080 2948 λέγεσθαι
1104 2863 1221 2930 παῖδα.

160 2967 320 3052 Significat
339 2967 398 3033 hcc
419 2967 571 3034 Homerus
596 2989 648 3047 ec,
680 2969 759 3052 quod
781 2967 934 3034 Achillem
959 2968 1113 3038 dicentem
1135 2968 1220 3046 iacit,

160 3092 193 3138 ee
215 3075 274 3138 cet.
326 3082 328 3092 ’

259 3177 326 3242 Ibd.
350 3177 410 3239 435
434 3179 477 3261 (5,
503 3179 554 3256 13)
588 3181 691 3246 scrin:
726 3167 795 3246 εἶδ’
828 3179 902 3262 ἑξῆς
936 3174 1220 3260 παραπλεύσαντι

161 3283 362 3356 σταδίους
383 3292 448 3368 (pro
471 3286 633 3364 σταδίοις)
657 3282 777 3352 ἑκατδν
800 3280 818 3350 c‘
840 3278 974 3369 Ἐχῖνος
995 3277 1199 3366 ὑπέρκειται.

260 3390 377 3454 Eadem
393 3407 462 3473 pag.
487 3394 529 3471 (5,
555 3395 604 3472 14)
624 3393 729 3458 scrin:
763 3386 997 3475 ὁριζομένη
1019 3395 1085 3472 (pro
1109 3383 1221 3472 ὁριζο-

159 3499 259 3580 μένη)
281 3497 398 3560 τοίνυν
420 3495 503 3579 [ἐκεῖ
524 3497 578 3580 ἐφ]
601 3499 677 3582 εξῆς
699 3501 790 3564 ἐστίν
809 3490 914 3582 η’δπδ
932 3496 976 3580 τῷ
998 3488 1221 3580 Πρωτεσιλάῳ

161 3626 189 3666 κ.
212 3629 240 3668 τ.
263 3604 292 3665 λ.
336 3601 445 3683 (Paulo
477 3603 571 3690 infra.
589 3603 883 3688 interpungendum:
920 3626 941 3686 η
975 3593 1150 3684 Πείρασος,
1185 3607 1223 3666 ἐν

161 3707 235 3774 δσολ
256 3707 406 3780 σταδίοις
430 3715 549 3792 έχοντα
574 3701 755 3793 Δήμητρος
778 3706 900 3785 ἄλσος.)

260 3812 327 3877 Ibd.
343 3813 404 3875 438
427 3815 469 3890 (5,
494 3814 560 3896 tu:
584 3801 638 3879 καλ
657 3799 731 3898 μην
754 3815 957 3898 πολυῖστωρ,
981 3815 1084 3886 εἴτις
1106 3810 1221 3888 ἄλλος,

161 3918 216 3984 καὶ
233 3913 345 3983 πάντα
361 3911 423 3983 τδν
443 3918 536 3999 βίον,
559 3914 603 3994 τίς
624 3915 729 3994 αι’τδς
750 3923 894 4003 εἴρηκεν,
916 3915 935 3984 δ
957 3918 1064 3984 ταῦτα
1086 3912 1222 4003 μυθεύ-

161 4032 262 4092 εσθσι
284 4021 506 4108 βουλόμενος.
556 4023 717 4091 Sententia
742 4023 919 4090 huiusmodi
945 4025 1021 4089 fuit:
1051 4019 1094 4098 cir
1111 4019 1221 4098 αιλτδς
