2954 4664
287 277 327 342 96
746 279 807 336 Lib.
822 281 849 340 ,Ι.

244 479 320 548 bant
333 478 375 546 ‘ct
395 479 446 543 vel
467 479 599 544 maxime
624 463 832 546 coniecturam
853 471 979 566 regere,
1010 479 1158 543 sermonis
1179 477 1311 544 scicntia

245 583 363 650 radone
397 585 428 648 et
464 575 522 648 usn
551 585 731 650 confirmata
769 589 801 652 et
832 587 937 670 legum
968 601 1064 670 gnara
1097 585 1129 648 et
1159 583 1310 648 naturalis

245 687 398 776 libertatis
421 691 452 754 et
480 689 664 768 inflexionis,
692 709 795 755 rerum
826 677 1108 771 sententiarumque
1136 689 1168 752 et
1194 697 1309 765 earum,
1381 759 1383 762 ,

247 813 314 877 quae
336 789 454 877 proprio
482 793 514 857 in
543 813 661 877 quoque
688 814 776 878 opere
803 787 992 874 tractentur,
1022 795 1054 858 et
1086 813 1207 870 aarum,
1242 811 1311 875 quae

248 917 284 963 er
316 881 527 980 commtinibus
562 899 754 983 antiquitatis
787 901 957 979 institutis,
991 897 1135 977 historia,¹
1161 899 1311 994 opinioni-

247 1003 304 1070 b'ds
319 1001 547 1082 intercurrant,
574 1000 805 1090 intellegentia,
833 1025 940 1072 sensus
963 1007 1002 1071 ad
1023 1005 1152 1070 aliorum
1175 1000 1312 1088 cogitata

219 1153 221 1160 -
249 1127 266 1174 e
282 1107 384 1196 vorbis
400 1109 594 1192 percipienda
609 1111 719 1176 natura
735 1115 767 1177 et
782 1111 996 1178 exercitatione
1013 1112 1112 1193 aptus,
1127 1107 1260 1193 prudens
1270 1107 1312 1172 de

248 1215 432 1300 scriptorum
448 1215 566 1316 artqet
586 1211 802 1282 consuetudine
824 1221 856 1283 et
870 1217 1006 1283 consiliis
1020 1215 1166 1283 iudicium
1189 1223 1220 1298 et
1240 1231 1311 1295 pro·

246 1317 416 1384 habilitatis
438 1319 470 1384 in
491 1317 539 1397 iis,
563 1339 629 1402 quac
651 1321 692 1384 dc'
710 1323 906 1404 scriptoribus
922 1322 1026 1387 aliisve
1048 1319 1206 1404 (librariis)
1229 1319 1312 1414 credi

234 1426 375 1508 possint,
396 1425 571 1489 aestimatr'o.
630 1425 672 1488 Et
703 1441 878 1510 quanquam
904 1427 949 1492 ita
977 1427 1152 1508 comparata
1178 1443 1227 1489 res
1252 1424 1312 1520 est,

247 1529 283 1592 ut
315 1548 375 1593 non
405 1547 523 1610 pauca,
562 1549 629 1611 quae
662 1529 701 1594 ad
734 1532 835 1614 ipsam
861 1535 985 1597 tantum
1013 1531 1157 1596 orationis
1179 1529 1311 1594 formam

248 1634 485 1716 grammaticam
508 1636 540 1698 et
561 1642 747 1710 communes
767 1637 934 1703 sententias
960 1637 1131 1719 pertinent,
1158 1637 1241 1700 recte
1262 1636 1312 1729 in-

249 1738 344 1803 dicari
380 1741 411 1802 et
443 1739 554 1822 corrigi
590 1741 689 1806 etiam·
712 1743 750 1805 ab
778 1727 812 1806 eo
838 1743 975 1824 possint,
1009 1742 1061 1826 qui
1091 1741 1265 1825 argumenti
1292 1759 1312 1805 a

248 1843 445 1926 scriptoribus
477 1844 598 1927 propria
629 1847 754 1932 tractati
785 1865 844 1912 non
875 1847 1007 1912 multam
1034 1865 1099 1934 'nec
1135 1835 1311 1909 accuratam

249 1945 457 2032 cognitionem.
477 1949 782 2034 intellegentiamque
804 1953 927 2032 afferat,
959 1955 1064 2018 tamen
1086 1970 1145 2015 non
1168 1951 1311 2036 exiguum

248 2054 296 2118 cst
316 2053 497 2136 periculum,
521 2073 558 2119 ne
581 2056 648 2144 quis
670 2055 746 2121 fines
767 2057 923 2123 transiliat
945 2059 977 2130 et
998 2055 1036 2122 ad
1052 2067 1098 2135 ea,
1119 2055 1228 2138 quibus
1250 2073 1312 2120 non
1417 2091 1424 2103 ·

248 2157 391 2235 sufficiat,
414 2159 665 2244 progrediatu11).
885 2239 890 2252 ,
1156 2165 1160 2172 “
1186 2145 1190 2152 ’

332 2264 373 2330 ut
393 2263 424 2327 in
448 2263 586 2330 codicum
608 2264 732 2348 quidem
754 2265 892 2331 dissensu
914 2271 1018 2350 aperto
1052 2269 1083 2331 et
1113 2267 1255 2345 notabili,
1285 2266 1313 2331 si

249 2369 291 2448 id,
312 2369 391 2452 quod
405 2370 598 2434 tolerabilem
613 2369 780 2435 orationem
794 2373 1038 2455 sententiamque
1053 2372 1174 2437 videtur
1187 2372 1312 2449 babere,

248 2476 281 2540 iu
308 2476 481 2540 recentibus
510 2475 632 2539 tantum
661 2475 871 2558 suspectisque
901 2471 1056 2541 codicibus
1082 2477 1248 2559 reperitur,
1278 2476 1312 2540 in

248 2581 336 2646 bonis
360 2583 462 2647 antem
485 2581 516 2643 et
535 2580 595 2644 fide
618 2580 718 2664 dignis
740 2582 851 2646 littera
867 2584 899 2646 et
912 2583 1005 2646 verba
1020 2582 1184 2646 manifesto
1206 2600 1312 2662 prava,

250 2703 316 2768 quae
339 2685 449 2750 axilla
470 2685 568 2750 altera
589 2685 741 2767 scriptino
762 2705 861 2750 errore
892 2686 1013 2751 detorta
1040 2687 1072 2750 et
1100 2688 1206 2768 postea
1227 2681 1314 2751 sacili

248 2785 459 2872 probabilique
481 2791 651 2856 coniectura
680 2789 835 2876 adillam
863 2791 1006 2857 revocata
1027 2789 1124 2856 videri
1147 2779 1313 2872 nequeant,

247 2894 281 2958 id
301 2895 365 2981 iam
388 2895 528 2959 sufficere
550 2895 642 2960 debet
668 2894 707 2960 ad
734 2893 876 2960 sanitatis
903 2895 1038 2978 speciem
1064 2896 1248 2974 tollendam,
1276 2898 1314 2962 ut

250 2993 468 3064 cimeliorum
490 2993 629 3063 codicum
650 2985 790 3084 vestigiis
821 3001 995 3064 coniectura
1015 3019 1121 3065 verum
1149 3002 1313 3083 quaeratur,

249 3103 310 3167 etsi
331 3104 395 3170 fere
416 3121 538 3186 semper
559 3103 686 3183 accedit,
706 3106 742 3168 ut
762 3103 805 3183 id,
828 3090 909 3188 quod
922 3099 1176 3171 in‘deteriorlbus
1199 3091 1313 3171 codici-

248 3207 384 3288 bus‘sit,
412 3209 502 3292 paulo
525 3206 703 3293 diligentius
726 3229 887 3275 excussum
909 3212 1052 3277 orationis
1076 3211 1136 3276 aut'
1151 3211 1313 3276 sententiae

247 3313 359 3378 vitium
392 3315 505 3379 babere
536 3315 707 3398 reperiatm
739 3319 793 3381 aut
824 3317 936 3382 saltem
967 3309 1147 3399 languidum
1181 3321 1262 3380 esse
1281 3319 1314 3381 et

248 3418 331 3484 iners
353 3439 409 3484 uec
431 3419 555 3484 oonsilio
578 3421 734 3506 scriptoris
758 3423 874 3504 aptum.
923 3413 1115 3486 Deteriorum
1138 3422 1242 3486 autem
1262 3436 1313 3486 oo·

273 3685 299 3751 ¹)
318 3685 480 3756 Exemplum
503 3687 579 3742 lusus
606 3688 692 3742 critici
719 3704 808 3742 rarum
834 3687 1026 3758 intellegentia
1053 3703 1161 3758 prorsus
1188 3687 1312 3749 carentia

320 3777 466 3832 scdxsimul
484 3774 579 3832 iudicii
597 3783 625 3834 et
643 3780 671 3834 in
691 3779 1011 3834 codicibusaestimaudis
1029 3782 1058 3834 et
1075 3779 1105 3834 in
1123 3777 1203 3834 rebus
1221 3795 1312 3848 gram-

319 3869 424 3924 maticis
443 3871 591 3935 tractandis
609 3871 678 3926 lavis
697 3876 725 3926 et
742 3873 860 3942 perversi
878 3871 942 3926 olim
957 3869 1162 3950 Wakefieldium
1175 3869 1312 3939 descripsi,

318 3962 437 4016 Lucretii
455 3963 586 4040 editorem
605 3969 709 4034 (opusc.
728 3965 802 4021 acad.
823 3965 836 4018 I
859 3981 887 4036 p.
909 3967 961 4020 305
987 3965 1064 4034 sqq),
1086 3965 1179 4033 pbstea
1200 3962 1312 4017 Goerau-

318 4055 397 4122 rium,
416 4071 447 4112 ex
466 4055 538 4108 omui
556 4056 699 4123 prauitatis
717 4071 814 4126 genere
833 4055 999 4126 aequabiliter
1016 4055 1169 4112 conflatum.
