3014 4666
642 257 701 312 nro.
720 257 758 312 11.
970 236 973 242 ’
1133 259 1192 320 241

171 459 300 521 verbum
324 457 459 520 subesse.
497 453 557 520 Sed
579 405 963 539 condicionissignifieetio
985 421 1092 539 inepte
1113 459 1160 523 est
1178 411 1237 524 nec

171 565 255 626 recto
279 553 307 626 δ”
330 561 495 626 sublatum.
538 559 726 642 Adiungitur
748 560 947 626 affirmationi
969 563 1088 628 votum:
1138 613 1143 626 ,
1180 551 1194 620 .’

265 657 309 732 εὖ
334 667 367 731 δὲ
391 665 657 750 υπαοαίμφν,
681 660 726 730 ὃν
736 669 962 752 μετέρχομαι,
984 660 1131 752 pidicus)

213 808 215 813 ·
272 772 338 838 lbd.
361 773 421 834 952
444 791 525 856 sqq.:

324 869 401 960 ιὶρρ’,
425 871 524 942 οὐδὲν
547 872 645 950 εἶδός
668 863 714 942 οἷν
736 879 936 961 ἐφευρεθεὶς
957 871 1065 964 χρόνῳ

322 983 419 1066 δίκην
432 983 591 1054 δέδωκας·
615 970 677 1048 cido'
689 982 785 1061 (stob.
799 979 896 1060 uince)
908 1005 960 1056 τις
982 985 1168 1070 κακουργος
1189 984 1236 1052 ὥν

321 1080 371 1172 μή
394 1114 454 1172 μοι
478 1083 516 1154 τό
541 1091 677 1174 πρῶτον
698 1081 785 1174 βῆμ’
807 1083 867 1154 ἐάν
891 1079 1005 1178 δράμῃ
1033 1091 1143 1172 καλῶς

242 1179 245 1188 “
322 1193 420 1258 eredo
442 1194 580 1260 δοκείτω
603 1189 667 1278 τήν
689 1195 800 1278 δίκην,
826 1196 909 1279 πρὶν
932 1189 978 1260 όν
998 1197 1094 1268 τέλος

321 1302 483 1386 γραμμῆς
505 1307 618 1383 Ιἴιιφναι
642 1301 696 1366 καὶ
720 1305 824 1384 πέρας
847 1298 968 1390 sciptum
988 1307 1079 1388 βίου.

270 1407 368 1472 Primi
398 1423 504 1476 versus
535 1405 719 1484 emendandi
744 1406 868 1474 initium
896 1410 957 1486 ost,
993 1411 1029 1474 ut
1049 1429 1068 1476 ο
1091 1410 1235 1492 proximis

35 1503 41 1514 “
169 1514 337 1594 separetur,
361 1512 503 1610 equibus
519 1512 614 1579 otium
636 1512 792 1594 soporavit
806 1511 957 1591 suoaeus,
979 1514 1047 1580 illos
1062 1501 1235 1580 describens

169 1620 265 1703 eclog.
285 1619 309 1692 I,
322 1619 352 1693 3,
366 1619 405 1680 18
418 1623 457 1702 (p.
473 1619 532 1680 112
545 1617 607 1696 Η.).
642 1617 784 1706 Greniter
800 1619 881 1684 enim
893 1637 947 1700 per
957 1638 991 1684 se
1005 1620 1127 1702 ponitur
1138 1621 1235 1706 δίκην

171 1725 317 1796 δέδωκας
340 1728 371 1788 et
393 1743 428 1788 er
449 1723 507 1814 boc
529 1723 727 1788 concluditur.
768 1723 835 1786 Hoc
856 1724 1170 1790 inventovcrsusnon
1191 1727 1236 1792 itu

168 1849 282 1914 magna
303 1829 473 1892 mutatione
495 1846 584 1912 egere
605 1828 726 1892 videtur
748 1830 779 1891 ct
809 1827 854 1892 sie
884 1829 1081 1910 probabiliter
1107 1833 1234 1916 corrigi:

320 1928 398 2020 ἔρρ’,
423 1927 522 2000 odoro
546 1928 643 2006 εἰδώς
665 1926 709 2006 οἷς
731 1936 970 2018 ἐφηυρέθης
991 1933 1107 2020 χρόνῳ.

168 2041 247 2106 Cum
286 2040 467 2122 contemptu·
490 2039 615 2104 Electra
650 2038 830 2122 AEgistbum
860 2040 1017 2124 ignorasse
1048 2042 1132 2130 dicit,
1155 2044 1234 2132 ¹quis

168 2167 202 2214 se
240 2147 377 2212 moneret
413 2144 520 2210 exitus.
583 2144 762 2208 Proximum
806 2163 929 2210 uersum
968 2146 1096 2212 licenter
1138 2141 1235 2214 intor-

163 2252 285 2341 polosse
307 2248 423 2313 librarii
446 2249 620 2324 creduntur,
643 2249 722 2333 quod
736 2249 769 2312 in
785 2247 898 2320 Stobaei
919 2250 1070 2316 codicibus
1094 2253 1235 2318 scribitur

165 2353 251 2421 dicre
274 2355 334 2438 τῆς
356 2354 560 2438 ἐπικουρίας,
583 2355 636 2420 sed
658 2356 690 2418 in
713 2373 747 2418 eo
767 2353 844 2418 nibil
859 2354 983 2418 subesse
994 2355 1082 2421 credo
1094 2358 1153 2432 nisi
1164 2359 1234 2423 boc:

609 2457 693 2528 ὥστε
715 2483 784 2532 τις
806 2460 1081 2546 κακουργίας,

289 2559 339 2650 μή
360 2592 434 2650 μοι,
457 2561 495 2630 τό
519 2568 654 2650 πρώτου
674 2561 761 2652 βῆμ’
782 2561 845 2638 ,ἐάν
868 2556 982 2652 δράμῃ
1005 2568 1123 2641 καλῶς,

289 2673 389 2738 νικοῖν
412 2672 549 2738 concive
573 2697 602 2736 u.
625 2697 654 2736 υ.
680 2675 707 2736 λ.

267 2778 334 2842 Ibd.
359 2775 449 2853 1260,
474 2777 573 2840 1261:

265 2875 491 2967 Ἁλιρρόθιον
512 2873 561 2946 ὅτ’
583 2875 695 2948 ἔκταν’
717 2877 886 2970 οἷμόφρων
904 2880 1014 2966 ’Ἄρης

266 2989 373 3070 μῆνιν
395 2983 569 3072 θυγατρός
594 2981 741 3055 οἷνυσίων
763 2981 1020 3074 νυμφευμάτων
1043 3013 1071 3052 ν.
1094 3013 1123 3052 c.
1147 2993 1175 3052 λ.

267 3093 394 3160 Prorsus
426 3112 587 3176 pervorsus
629 3095 677 3160 est
709 3095 899 3160 accusativus
935 3095 1044 3180 μῆνιν
1076 3111 1132 3158 nec
1157 3094 1232 3158 'ullo

164 3197 256 3264 modo
293 3219 363 3264 cum
398 3199 517 3282 reliquo
547 3197 697 3264 orations
722 3199 927 3284 coniungitur.
995 3199 1055 3266 Sed
1087 3197 1234 3264 facillima

166 3305 327 3382 correctio;
350 3304 545 3370 scribendum
569 3303 652 3368 enim
675 3307 723 3372 est
743 3295 827 3392 μήν
840 3332 861 3368 ι.
901 3305 985 3370 Mars
1007 3304 1231 3368 Halirrhotium

166 3409 280 3475 occidit
322 3411 369 3476 ira
407 3410 458 3487 (ob
497 3408 589 3491 iram)
603 3443 608 3453 ι
624 3410 772 3494 stupratae
815 3409 896 3474 filiae.
956 3407 1003 3474 Ob
1038 3409 1231 3474 levissimum

165 3517 313 3582 mendum
334 3518 433 3580 totum
455 3533 577 3578 versum
601 3513 808 3580 Herwerdeno
829 3515 938 3580 merito
960 3516 1137 3596 suspectum
1153 3513 1230 3576 Din-

166 3621 284 3704 donins
304 3623 429 3688 iudicet.
531 3691 533 3696 ,

172 3773 285 3780 m·
292 3775 303 3778 --

194 3863 216 3932 ¹)
235 3865 267 3918 V.
287 3870 339 3924 615
357 3868 428 3922 nibil
445 3865 536 3921 mendi
547 3865 638 3920 hebet.
668 3865 814 3934 Postquam
825 3865 932 3950 Orestes
949 3867 1139 3935 interrogarit:
1159 3863 1228 3944 ettad
1317 3910 1319 3928 Ι

236 3962 294 4020 πῶς
314 3963 407 4032 λαβῶ;
426 3959 570 4028 respondet
588 3973 680 4012 senex:
709 3957 799 4012 Muros
823 3959 997 4030 ingrediendo
1015 3975 1048 4013 ne
1067 3960 1091 4030 si
1116 3957 1230 4016 volueris

238 4049 345 4118 quidem
366 4056 409 4118 (ne
428 4053 450 4106 si
469 4050 575 4120 ingredi
594 4049 702 4118 quidem
720 4051 809 4103 conari
826 4052 955 4119 audebis),
974 4053 1071 4122 cupies,

215 4141 324 4175 unuvrsn
336 4143 412 4176 ειιιι..
424 4145 474 4178 cm.
999 4153 1029 4196 15
