3004 4676
658 339 719 396 Lib.
736 339 805 406 lv:
1138 337 1197 402 507

220 573 231 582 -
281 539 348 605 [bd.
388 540 445 604 94:
490 553 562 613 τοῖς
601 539 635 606 δὲ
676 539 796 605 παισίν
827 534 1001 624 ιέπιφοροίς
1033 533 1246 624 ταγμοτικοίς

179 641 349 730 α’πὲνειμε
372 639 457 710 κατοί
480 642 564 730 τούς
592 647 660 712 τῶν
682 648 838 728 πατέρων
871 639 1131 732 σολλογισμοός.
1175 643 1245 729 syl·

181 751 310 837 legismi
332 751 496 816 inhaere
519 751 597 817 nihil
621 751 775 818 hebebant
795 751 864 829 loci,
897 751 951 818 sed
973 751 1245 838 σολλεχισμοί

182 857 364 941 (epeundum
407 858 527 934 lecum,
572 875 663 940 quem
705 857 737 930 in
778 856 934 940 copiarum
975 857 1112 923 numeris
1154 859 1245 923 tenu-

176 965 292 1048 erent).
364 1049 368 1056 Ι
414 1017 416 1026 ,
1142 987 1144 992 ·

279 1069 345 1135 lbi
392 1069 450 1133 95:
496 1067 629 1152 Κρίνας
665 1068 699 1134 ee
743 1072 798 1136 ἐπὶ
847 1061 972 1154 ταύτης
1016 1063 1097 1140 τούς
1142 1063 1245 1152 ὅρους

181 1177 313 1242 θέσθαι
345 1175 429 1260 της,
449 1174 635 1258 στρατείας.
690 1174 863 1240 Pronemen
889 1175 1012 1241 omnine
1047 1192 1105 1238 non
1141 1173 1246 1248 habet

179 1299 241 1364 que
262 1282 420 1346 reseratur.
464 1280 558 1346 Latet
579 1281 634 1345 ἐπὶ
657 1280 712 1365 τῷ
734 1273 895 1348 Ὺπσίνι.
931 1281 1051 1364 (Itaque
1079 1279 1129 1344 hie
1158 1280 1244 1345 loeus

178 1405 273 1469 eupre
307 1387 360 1452 lib.
390 1387 407 1452 1
434 1387 501 1451 e.·3
528 1385 601 1468 peni
629 1385 797 1464 debuerat.)
840 1385 958 1452 Eodem
993 1385 1093 1468 eapite
1118 1385 1244 1450 infen'us

177 1495 389 1578 ροείνπεζοῐς
409 1495 474 1577 μὲν
497 1491 687 1576 δισμυρίοις
714 1490 775 1558 καί
798 1491 1083 1576 πεντακισχιλίοις
1115 1490 1243 1556 excidit:

178 1599 362 1663 ἱππεῦσι
386 1597 428 1662 δὲ
450 1598 528 1676 (διο)
549 1595 742 1683 χιλίοιςᾸ)

280 1703 347 1769 lbi.
388 1703 462 1768 102:
507 1696 593 1790 την·
615 1706 680 1787 μὲν
732 1697 897 1788 στρατιοίν
938 1705 1143 1786 προσέταξεν
1188 1703 1242 1767 ἐπί

179 1803 242 1876 τόν
264 1803 426 1895 ποταμόν
447 1801 697 1901 α’ντιπαροίγειν
711 1823 785 1884 ταῖς
800 1810 930 1876 ναυσίν.
963 1807 1146 1874 Necessario
1169 1808 1244 1873 stri·

177 1916 333 1982 bendum:
355 1912 467 2000 παριί
490 1910 553 1982 τόν
574 1911 743 2001 ποταμόν.

278 2021 345 2086 Ibd.
381 2021 456 2086 105:
495 2018 691 2106 δρομάδας
716 2017 891 2107 καμήλους
929 2021 984 2086 καί
1011 1993 1060 2084 ’τοί
1093 2045 1243 2104 νωτοφο-

178 2139 251 2209 ρεῑν
283 2121 432 2194 εἰωθότα
454 2127 522 2192 τῶν
544 2128 700 2212 φορτίων.
745 2127 862 2194 Serib.:
891 2127 958 2193 τῶν
981 2117 1101 2207 ζοίων,
1140 2125 1244 2192 'Omne

168 2249 276 2316 ,genus
298 2231 500 2316 significatur.
529 2232 610 2316 [Iam
631 2233 878 2318 Wesselingius.]

279 2337 347 2402 Ibd.
380 2337 459 2400 106:
488 2332 541 2402 ὅτι
572 2339 693 2404 πολλοὶ
727 2341 795 2428 των
820 2340 942 2424 βιαίως
965 2341 1019 2404 καί
1041 2333 1245 2422 ὑβριστικῶς

180 2445 392 2529 κεχρημένων
434 2456 509 2514 ταῖς
552 2445 717 2520 ἐξουσίαις
760 2437 1075 2529 παρανενομηκασι.
1130 2444 1243 2510 Miram

179 2567 251 2614 vero
273 2547 481 2632 partitionem.
525 2551 663 2634 Apparet
683 2551 812 2633 requiri:
835 2547 887 2617 ὅτι
910 2551 1030 2616 πολλοὶ
1052 2551 1173 2634 βιαίως
1189 2599 1196 2613 .
1211 2593 1243 2612 ..

181 2657 438 2739 κεχρημένοι.
472 2655 533 2720 Sed
553 2655 683 2722 fortasse
704 2657 774 2738 pest
795 2657 863 2721 τῶν
884 2655 997 2722 excidit
1017 2654 1244 2720 substantivum

178 2761 260 2837 (τῶν
283 2752 468 2846 σ’ρχόντων,
497 2763 565 2826 τῶν
587 2755 769 2848 ἐπάρχων),
802 2761 911 2827 deinde
933 2762 972 2827 ad
994 2761 1073 2833 τῶν,
1095 2759 1175 2854 quod
1195 2779 1245 2825 re·

179 2866 294 2943 stabat,
317 2885 409 2948 preve
431 2868 679 2933 accommodatus
702 2870 750 2934 eet
773 2866 926 2950 participii
947 2885 1045 2932 casus.

279 2970 344 3036 Ibd.
379 2972 455 3037 110:
497 2973 683 3056 καταμίξας
715 2974 749 3040 δὲ
782 2965 930 3046 τοτ’τοας
961 2985 1031 3044 τοῖς
1064 2963 1245 3058 προόποίρ-

179 3097 273 3162 χοοσι
304 3070 524 3162 στρατιώταις
551 3081 594 3167 τῇ
617 3073 790 3164 καινότητι
821 3081 883 3164 τῆς
911 3079 1133 3162 καινοτομίας
1162 3103 1244 3142 κατ-

180 3178 340 3249 εσκεύασε
379 3177 444 3268 την
475 3181 561 3270 ὅλην
599 3179 748 3270 δύναμιν
788 3189 999 3270 κεκραμίνην
1047 3185 1100 3250 καί
1136 3178 1244 3268 οίρμό-

179 3292 305 3368 ζουσαν
326 3290 369 3377 τη
392 3290 461 3375 ἰδίη
478 3294 682 3374 προαιρίοω.
727 3293 840 3359 Scrib.:
872 3293 913 3380 τῇ
935 3287 1157 3376 καινότητι
1185 3293 1245 3374 της

181 3396 411 3480 καινοτομίας.
444 3396 547 3462 Medio
572 3399 670 3482 capite
693 3401 800 3477 (τέλος
826 3400 859 3466 δὲ
883 3399 1094 3483 προσμείνας
1114 3391 1244 3482 η’μίρας

180 3495 346 3582 α’νέζεσξε)
369 3503 485 3568 excidit
500 3522 645 3570 numerus
668 3505 796 3571 dierum.

281 3608 349 3674 lbd.
385 3609 459 3673 115:
490 3601 595 3683 αὐτός
632 3609 665 3676 δὲ
699 3604 780 3682 τοιίς
812 3603 1048 3694 α’ρχιτίκτονας
1076 3603 1245 3694 α’θροίοσς

181 3715 237 3780 καί
267 3715 486 3803 λεπτοορηοίν
517 3717 666 3800 πλῆθος.
711 3715 904 3782 Alienissimi
933 3715 1003 3780 hine
1032 3701 1243 3801 λεπτουργοί.

202 4049 224 4116 ¹)
256 4048 320 4120 Gap.
349 4053 401 4106 100
428 4066 442 4104 e
469 4048 574 4104 duobus
600 4046 736 4102 codicibus
762 4045 944 4103 scribendum:
980 4046 1085 4118 ἡμέραν
1112 4049 1146 4119 τῇ
1172 4047 1246 4118 βάτα

252 4141 390 4208 τάξαντος
407 4157 456 4214 pre
474 4145 523 4212 τῆς
541 4137 637 4211 μάχης-
