2944 4660
295 288 333 350 14
737 289 796 344 Lib.
815 291 837 344 1.

249 487 314 558 sibi
329 486 481 550 trahentis
503 486 559 562 vis,
583 485 635 567 qui
654 485 721 550 fons
744 485 792 549 est
812 485 984 552 uberrimus
1005 487 1194 566 mendorum,
1217 492 1318 555 raria-

250 593 342 656 batur
352 591 567 656 multismodis
579 591 697 656 librarii
709 590 871 675 diligentia
882 593 1317 674 aut‘incuriaacfestinationc,

252 697 383 762 scientia
407 697 556 763 sermonis
578 695 732 761 tolerabili
745 697 800 760 aut
813 697 945 775 inscitia,
969 700 1187 764 exercitatione
1197 702 1319 785 legendi

250 807 304 868 aut
326 803 498 879 insolentia,
519 805 588 867 tum
611 803 704 866 etiam
731 803 863 885 exempli
883 805 1033 886 propositi
1053 805 1151 869 forma
1173 807 1205 870 et
1226 808 1318 870 aetate

249 911 418 992 propinqua
446 909 500 972 aut
526 909 653 971 remota.
707 908 790 971 Nam
817 910 853 972 ut
873 909 963 973 facile
985 910 1086 974 scriba
1107 907 1245 990 sequitur
1267 925 1318 970 ex-

250 1013 385 1096 emplum
409 1015 515 1078 eodem
538 1013 696 1093 scriptura
718 1033 847 1096 genere,
872 1033 931 1096 quo
955 1015 1157 1097 ipse'utitur,
1181 1001 1315 1078 autnon

249 1119 339 1182 valde
363 1119 506 1184 dissimili
528 1119 711 1195 conlectum,
732 1119 786 1196 ita,
810 1119 836 1183 si
851 1121 1025 1201 exemplum
1039 1122 1219 1202 proponitur
1232 1121 1318 1184 litte·

249 1243 353 1288 rarum
372 1221 470 1290 forma
485 1227 577 1309 longe
594 1224 749 1288 diversum
766 1226 841 1289 etin
856 1225 1018 1307 qucetiam
1039 1230 1089 1305 (ne
1105 1227 1317 1292 desertorum

249 1331 443 1412 copulatione
483 1331 596 1412 dicam)
638 1331 738 1395 multa
772 1331 866 1394 verba
901 1332 991 1396 aliter
1023 1334 1202 1410 scribantur,
1226 1336 1317 1415 atque

248 1435 315 1518 ipse
337 1436 445 1500 scribit
465 1437 639 1518 scriptaque
656 1437 758 1520 legere
780 1437 861 1500 solet
883 1439 930 1515 (ut
946 1439 981 1502 st
1001 1457 1056 1519 pro
1078 1438 1154 1514 e'st,
1178 1437 1315 1519 quoius

249 1559 303 1621 pro
334 1541 470 1619 cuius),
494 1545 634 1624 apparet,
660 1543 844 1625 quantopere
864 1543 922 1608 hac
943 1544 1105 1608 insolentia
1129 1545 1161 1606 et
1180 1543 1316 1607 novitate

249 1649 397 1728 augeatur
432 1647 552 1711 errandi
586 1647 767 1730 periculum.
825 1647 933 1726 Itaque
962 1662 1134 1727 quanquam
1166 1648 1198 1710 in
1228 1647 1315 1711 libris

249 1752 382 1815 multum
408 1751 556 1818 lectitatis
590 1773 670 1835 saepe
707 1751 904 1818 describendo
935 1751 1160 1834 multiplicatur
1181 1771 1316 1818 emomm

248 1858 367 1922 occasio
406 1859 491 1940 (nam
523 1857 556 1921 in
583 1877 763 1941 unoquoque
798 1858 939 1940 exemplo
975 1857 1045 1921 novi
1079 1859 1316 1924 committuntur

248 1964 387 2047 errores),
410 1966 525 2041 tamen,
548 1963 702 2046 quodferc
725 1965 764 2028 ob
794 1964 899 2029 oculos
922 1962 1171 2028 describentibus
1192 1964 1317 2028 fuemnt

249 2069 391 2150 exempla
410 2088 471 2133 non
498 2068 596 2132 multo
625 2070 798 2151 antiquiora
820 2072 851 2134 et
873 2069 911 2133 ad
932 2069 1099 2152 legendum
1119 2069 1231 2147 facilia,
1254 2091 1314 2136 non

248 2177 370 2258 poterat
390 2177 478 2240 tanta
505 2175 576 2238 oriri
595 2175 730 2240 confusio
745 2178 776 2240 et
791 2177 955 2240 verborum
972 2175 1263 2259 sententiarumque,
1280 2179 1316 2241 ut

248 2279 293 2342 ita
323 2279 439 2356 dicam,
475 2279 663 2362 peremptio,
686 2283 801 2363 quanta
821 2281 854 2344 iu
877 2299 912 2346 eo
935 2299 1036 2364 opere,
1060 2282 1146 2344 ouius
1168 2301 1187 2346 a
1210 2283 1318 2364 paucis

247 2385 358 2450 lectiet
368 2385 431 2449 fere
442 2385 575 2469 ignorati
585 2387 744 2469 antiquum
756 2386 878 2470 aliquod
890 2387 1074 2467 exemplum,
1085 2386 1218 2468 plurium
1231 2404 1319 2452 secu-

249 2493 360 2568 lorum,
385 2511 421 2555 ex
443 2491 553 2574 angulo
565 2492 666 2586 aliquo
680 2483 872 2575 protractum
887 2493 987 2557 scribe
1001 2491 1127 2556 reddere
1147 2494 1317 2557 conaretur.

249 2595 337 2676 Quod
356 2597 446 2679 quale
459 2594 518 2674 sit,
540 2599 572 2662 in
596 2593 740 2662 Varronis
763 2598 800 2662 de
824 2599 929 2681 lingua
950 2598 1062 2662 Latina
1076 2598 1163 2663 libris
1179 2599 1317 2683 intellegi

248 2703 361 2784 potest.
416 2703 457 2767 llt
479 2703 601 2768 aceedit
621 2704 774 2768 interdum
799 2704 892 2768 aliud.
945 2704 1028 2768 Nam
1054 2703 1080 2767 si
1101 2705 1201 2768 multa
1221 2706 1318 2770 inter-

247 2811 403 2890 ponuntur
424 2810 508 2873 extra
528 2809 703 2874 continuam
722 2809 835 2874 seriem
847 2809 1001 2885 orationis
1022 2811 1108 2874 velut
1125 2812 1318 2895 scriptorum,

248 2913 381 2978 maxime
392 2917 561 2997 petitarum,
585 2916 773 2992 testimonia,
796 2915 901 2979 brevia
911 2917 1084 2998 praesertim
1098 2917 1131 2980 et
1145 2916 1211 2980 sine
1225 2917 1317 2998 plena

250 3021 404 3087 sententia
426 3023 456 3085 et
478 3022 579 3087 verbis
595 3041 704 3104 parum
717 3022 840 3085 usitatis
851 3022 1039 3098 intermixta,
1061 3023 1235 3086 necessario
1246 3041 1317 3103 per·-

243 3127 394 3214 turbatur
416 3127 618 3192 describentis
643 3127 763 3190 animus
786 3127 817 3190 et
838 3127 1011 3203 hebetatur,
1035 3127 1122 3190 cuius
1144 3128 1205 3204 rei,
1227 3129 1315 3191 utin

249 3233 394 3297 Varronis
416 3235 469 3298 illo
491 3252 592 3314 opere,
615 3233 659 3296 sio
681 3232 712 3296 in
736 3233 895 3308 Athenae,
917 3233 948 3296 in
963 3231 1072 3309 Nonio,
1095 3231 1163 3297 aliis
1179 3219 1316 3315 exempla

250 3339 332 3401 sunt.
393 3340 464 3420 Ipsa
486 3341 589 3403 autem
613 3329 763 3412 scribendi
787 3338 947 3422 diligentia
968 3338 1000 3401 et
1022 3355 1096 3400 cura
1116 3355 1176 3402 non
1199 3337 1317 3402 librarii

249 3442 347 3506 modo
385 3463 515 3525 persona
547 3443 743 3516 variabatur,
785 3445 840 3508 sed
871 3443 966 3524 ipsius
999 3442 1156 3524 scriptoris
1193 3461 1316 3525 genere.

250 3547 350 3613 Multo
367 3550 446 3613 enirn
470 3549 634 3614 studiosius
662 3550 694 3613 et
715 3550 850 3614 severius
872 3548 1043 3631 antiquitus
1065 3549 1316 3614 describebantur

251 3671 356 3717 eorum
389 3654 570 3735 scriptorum
604 3655 734 3732 codices,
758 3657 810 3737 qui
831 3656 922 3718 rectae
944 3657 974 3718 ct
996 3654 1146 3736 elegantis
1170 3645 1337 3720 orationis'

251 3762 389 3824 auctores
421 3763 451 3824 et
482 3761 581 3842 prope
605 3759 719 3844 regulae
749 3761 824 3844 ipsa
850 3760 1042 3824 habebantur
1074 3758 1105 3823 et
1136 3757 1167 3818 in
1201 3747 1314 3820 scholis

250 3866 473 3942 tractabantur,
496 3887 588 3950 quam
609 3867 792 3944 ceterorum
815 3867 919 3950 itaque
937 3867 1028 3950 longe
1044 3867 1133 3930 aliter
1156 3861 1246 3925 Plato
1263 3865 1316 3926 aut
1388 3873 1397 3954 j
1466 3953 1467 3962 ἵ

252 3969 355 4036 Cicero
377 3971 418 4053 (si
438 3991 592 4036 summam
608 3992 675 4037 rem
698 3973 832 4056 spectes)
857 3973 1066 4038 scribebantur
1085 3989 1187 4054 quam,
1213 3967 1314 4032 uthis

252 4077 331 4153 utar,
352 4077 509 4142 Plutarchi
532 4078 611 4154 libri,
633 4080 803 4159 praesertim
829 4079 880 4162 qui
902 4079 1065 4146 moralium
1084 4078 1208 4142 nomine
1232 4094 1315 4140 com-
