2954 4664
289 281 330 342 94
731 281 792 338 Lib.
806 282 828 336 1.

245 477 330 544 tibus
351 477 465 570 iudicia
487 477 664 556 adiecisset,
686 479 851 547 Horatium
872 475 1010 546 laniavit
1060 477 1120 557 Qui
1141 480 1247 544 tanum
1268 496 1308 542 ne

248 584 332 652 solus
352 583 385 648 in
406 584 464 650 hac
487 583 638 666 pravitate
659 586 741 648 esset
762 584 817 648 aut
838 582 1016 656 temeritate
1038 603 1192 662 summus„
1214 603 1310 668 nuper

248 690 300 770 (ne
323 689 494 772 (iruppium
522 691 774 772 commemorem)
800 689 946 754 Lehrsius
977 688 1010 752 in
1036 687 1138 756 Ovidii
1170 689 1308 772 epistolis

251 801 330 876 (quae
353 792 512 870 Ovidium,
540 813 607 876 quae
629 795 706 860 alios
728 795 887 876 scripsisse
908 792 1081 872 iudicabat,
1112 795 1218 860 eadem
1240 795 1309 878 lege

248 899 385 982 secans),
411 898 443 962 in
464 885 818 996 quenale'Ribbeckius
849 888 1025 966 effecerunt.
1071 900 1137 983 Ego
1159 899 1187 966 si
1211 899 1257 964 ita
1277 900 1308 964 in

160 1037 163 1042 ·
245 1004 431 1094 scriptorum
460 1005 598 1074 veterum
630 1005 770 1086 operibus
803 1005 988 1089 refingendis
1013 1005 1054 1094 et
1086 1003 1309 1087 amplificandis

247 1108 504 1190 interpolatorum
530 1109 687 1174 licentiam
715 1113 887 1194 grassatam
917 1129 986 1196 esse
1013 1110 1068 1174 aut
1095 1109 1227 1200 grassari
1255 1128 1311 1191 po·

247 1213 345 1280 tuisse
367 1213 538 1290 crederem,
569 1233 692 1278 omnem
716 1235 821 1280 eorum
849 1216 1008 1280 contextus
1031 1201 1239 1290 constituendi
1260 1232 1311 1280 co·

249 1322 358 1384 uatum
395 1318 598 1384 abiiciendum
629 1321 784 1402 putarem;
818 1339 897 1386 nuuc
928 1320 993 1386 haec
1019 1319 1140 1386 somnia
1165 1319 1310 1400 lususque

250 1427 316 1489 arte
337 1425 441 1490 nostra
463 1443 572 1506 parum
594 1425 703 1510 dignos
724 1426 834 1492 iudico.

334 1530 484 1616 Exposui,
517 1549 584 1612 quae
612 1534 717 1596 essent
744 1549 867 1596 summa
897 1531 929 1594 et
954 1529 1107 1612 praecipua
1133 1529 1312 1594 mendorum

248 1635 281 1700 in
304 1635 465 1700 codicibus.
487 1637 627 1700 veterum
656 1636 839 1718 scriptorum
862 1653 977 1720 genera
997 1636 1030 1700 et
1052 1635 1167 1712 fontes,
1199 1636 1313 1703 totam·

252 1759 309 1822 que
336 1740 416 1804 hanc
448 1758 528 1828 verae
559 1741 715 1824 scriptura
749 1731 1002 1831 depravationem⁸
1033 1740 1154 1804 ostendi
1181 1741 1225 1806 sic
1253 1759 1312 1804 non

250 1845 351 1910 solum
373 1845 516 1910 aetatibus
539 1848 571 1911 et
596 1847 726 1929 ingeniis
754 1849 786 1912 et
811 1846 985 1912 modiciano
1017 1845 1228 1920 librariorum,
1260 1844 1314 1910 sed

255 1951 350 2015 etiam
372 1951 560 2032 scriptorum,
574 1971 686 2035 genere
709 1954 742 2016 et
767 1953 866 2036 forma
892 1953 1019 2034 ipsaque
1044 1951 1165 2016 fortuna
1192 1951 1314 2028 variam

253 2047 289 2120 ut
310 2056 349 2122 ad
371 2057 498 2130 rectum
512 2056 651 2121 codicum
671 2072 761 2122 usum
783 2056 816 2120 iu
837 2058 968 2141 singulis
991 2056 1190 2138 scriptoribus
1211 2073 1314 2120 eorum

253 2162 454 2246 proprietates
475 2149 519 2226 'et
549 2163 631 2228 bona
662 2163 695 2226 et
732 2162 816 2226 mala
851 2161 1036 2245 exquirenda
1075 2162 1315 2244 aestimandaque

253 2266 326 2332 sint.
350 2266 501 2348 ‘eiciam
523 2267 550 2332 si
576 2267 645 2350 quis
667 2268 803 2350 quaerat,
837 2267 911 2349 quid
944 2286 981 2332 er
1006 2268 1064 2338 hcc
1093 2266 1317 2349 depravationis

253 2373 402 2436 universae
429 2371 602 2456 cognitione
623 2371 730 2454 profici
756 2371 796 2436 ad
825 2373 926 2455 ipsam
947 2373 1048 2448 artem
1071 2371 1214 2438 criticam-
1232 2389 1318 2438 exer-

254 2477 383 2542 cendam
405 2477 611 2560 marimeque,
637 2476 674 2540 de
697 2495 755 2559 quo
776 2477 826 2542 hic
848 2478 964 2561 egitur,
994 2478 1034 2542 ad
1054 2478 1175 2542 rectum
1197 2477 1318 2542 coniec-

254 2585 331 2660 turae
353 2601 443 2646 usum
464 2584 582 2664 putem,
603 2583 666 2648 scio
688 2583 826 2665 dicoque,
849 2583 901 2666 qui
915 2583 1037 2650 errandi
1050 2601 1164 2668 genera
1177 2583 1318 2648 universe

252 2688 350 2765 norit,
372 2705 469 2772 neque
490 2687 558 2752 ideo
580 2690 650 2776 aut,
672 2687 725 2752 ubi
746 2688 788 2752 sit
809 2691 960 2772 erratum,
982 2689 1059 2754 sciro
1081 2688 1136 2770 (-
1157 2705 1230 2756 uam
1251 2706 1318 2754 om-

254 2795 305 2858 nia
332 2793 402 2870 illa,
436 2811 503 2875 quae
533 2795 681 2875 tanquam
711 2795 851 2876 exempla
876 2794 964 2875 posui
991 2794 1104 2866 menda
1134 2795 1166 2858 et
1194 2793 1318 2871 correxi,

254 2899 404 2968 sermonis
423 2900 459 2962 et
479 2917 581 2964 rerum
605 2899 734 2968 scientia
758 2901 789 2964 et
815 2904 899 2966 recta
927 2899 1089 2990 sententiar
1117 2898 1319 2981 exquisitione

254 3003 440 3098 deprehendi
452 3010 504 3081 —)
520 3006 591 3084 aut,
611 3004 772 3088 quomodo,
794 3024 891 3088 noque
914 3005 1099 3072 emendandi
1113 3005 1196 3068 viam
1217 3004 1320 3085 ipsam

255 3109 381 3185 tentre;
413 3109 468 3174 s'ed
493 3109 663 3176 instructus
690 3111 749 3176 erit
776 3111 818 3175 ad
839 3110 1038 3195 quaerendum
1067 3109 1222 3202 sciatque,
1252 3127 1326 3190 quae·

255 3215 369 3311 tentari
398 3216 518 3298 possint
546 3215 752 3298 debeantque,
783 3217 971 3300 poteritque,
1000 3215 1073 3298 quid
1102 3215 1256 3298 probabile
1278 3213 1322 3280 sit

254 3321 417 3406 accidisse,¹
437 3321 510 3404 quid
532 3340 593 3386 non
615 3321 666 3398 sit,
688 3321 851 3398 aestimare,
874 3319 965 3390 modo
987 3321 1025 3385 ad
1047 3320 1128 3386 huno
1142 3320 1321 3386 universum

255 3425 480 3508 depravationis
501 3425 693 3500 intellectum
713 3426 861 3492 adiecerit
880 3428 967 3492 illam
983 3427 1115 3509 proprie
1138 3427 1321 3510 scriptorum

256 3529 386 3596 fortunae
420 3532 640 3616 cognitionem,
676 3549 737 3613 qua
767 3519 994 3612 probabilitatis
1024 3531 1172 3596 iudicium
1206 3530 1321 3599 certius

257 3634 376 3730 regitur
397 3637 443 3713 et,
474 3635 527 3718 qui
549 3635 591 3699 sit
611 3636 643 3699 in
665 3621 845 3719 unoquoque
868 3636 1015 3718 scriptore
1035 3635 1213 3700 coniectmre
1233 3653 1320 3712 usus,

257 3759 325 3824 quae
366 3739 517 3817 condicio,
561 3741 763 3806 constituitur.
825 3742 968 3807 Aliorum
1009 3742 1092 3828 enim
1127 3740 1321 3822 scriptorum,

257 3864 386 3928 quorum
415 3843 488 3910 libri
516 3846 586 3911 inde
613 3847 651 3912 ab
680 3845 813 3928 antiquis
835 3847 1023 3932 temporibus
1042 3837 1199 3934 perpetuis
1220 3843 1322 3908 homi-

257 3969 334 4014 num
361 3947 471 4016 studiis
504 3949 651 4032 celebrati
685 3954 773 4029 sunt,
806 3930 962 4018 codicibus
989 3955 1056 4018 tam
1083 3949 1217 4032 antiquis
1250 3949 1323 4012 dili-

257 4057 426 4138 genterque
455 4056 576 4138 scriptis
599 4057 736 4134 utimur,
765 4057 913 4140 tantaque
942 4057 981 4122 ad
1003 4056 1120 4122 codices
1148 4054 1325 4138 adiungitur
