2944 4660
279 303 319 363 54
714 304 774 358 Lib.
792 307 814 356 l.

236 498 370 563 dolore
384 499 591 564 liberatam
610 499 680 581 (ita
693 500 735 562 nt
748 496 963 577 liberetur).
995 498 1113 584 Negavi
1127 499 1201 564 olim
1214 499 1298 576 (Pbi-

236 603 327 687 lolog.
350 604 381 668 ll
395 623 426 686 p.
448 605 522 684 136)
540 605 575 667 in
591 603 744 686 Euripidis
759 603 833 667 lone
849 604 918 692 751,
943 603 1025 686 quod
1043 603 1077 669 in
1099 604 1251 670 codicibus
1267 607 1299 670 et

238 707 422 774 editionibus
443 709 604 774 scribitur:
635 703 699 776 συίι
722 715 770 780 εἰς
792 701 959 781 α’πίστους
988 703 1156 782 δεσπότας
1181 711 1299 794 βαλεῖς

236 807 355 899 χαράν,
371 813 475 879 Graece
490 814 551 880 dici
561 807 704 899 βάλλειν
722 810 829 900 χαράν
841 817 889 886 εἴς
900 841 976 879 τινα
994 817 1041 892 (nt
1057 815 1099 882 sit
1109 810 1216 901 χαράν
1231 841 1298 880 τινι

237 914 450 1006 {middletum
473 920 576 1002 itaque
592 921 787 985 scribendum
797 939 869 986 ‘esso
884 920 945 983 dini
961 913 1022 986 ουίι
1045 925 1093 994 εἰς
1118 917 1300 987 ἄπιστον

238 1016 405 1097 δεσπότας
433 1026 555 1109 βαλεῖς
582 1018 705 1110 χαράν,
733 1043 806 1090 non
838 1026 875 1088 in
905 1026 1085 1090 fallacem
1117 1028 1300 1092 laetitiam

238 1130 440 1207 coniicias,
461 1131 552 1213 idque
567 1131 723 1196 Nauckius
738 1131 873 1213 primum
887 1135 1054 1214 receperat,
1069 1133 1177 1214 postea
1190 1131 1302 1196 iniuria

237 1237 381 1301 deseruit.
426 1235 660 1302 Substantivnm
682 1237 822 1319 sequenti
845 1236 993 1302 adiectivo
1016 1237 1177 1302 manifesto
1200 1256 1303 1302 errore

237 1341 499 1442 accommodatpm
522 1344 570 1405 cst
591 1343 672 1423 apud
694 1341 826 1406 eundem
853 1343 975 1424 poetam
1003 1342 1035 1406 in
1058 1341 1186 1408 Bacchis
1210 1343 1301 1419 1387,

237 1447 290 1512 ubi
305 1448 421 1531 Agave,
443 1447 543 1510 furore
559 1447 698 1525 liberata,
722 1451 754 1511 et
773 1448 839 1511 loca
859 1448 954 1512 furari
976 1448 1097 1514 conscia
1119 1451 1151 1512 ot
1171 1448 1301 1518 feminas

238 1555 303 1618 eius
334 1552 497 1634 participes
530 1551 709 1617 detestatur.
768 1552 918 1617 Scribitur
952 1553 1051 1616 euim:
1088 1549 1240 1640 Βάκχαις
1274 1547 1302 1618 d'

238 1655 371 1724 ἄλλαισι
394 1660 539 1741 μέλοιεν.
588 1657 647 1722 Sed
669 1677 767 1740 neque
790 1657 863 1740 quid
890 1657 959 1722 aliis
981 1658 1109 1724 Bacchis
1131 1660 1212 1724 cordi
1235 1680 1301 1724 csse

237 1765 321 1840 velit,
344 1767 470 1846 apparet
491 1771 575 1838 (nam
598 1762 748 1828 Oitbaeron
766 1765 798 1827 et
818 1763 942 1846 thyrsus
965 1764 1041 1828 mire
1055 1765 1311 1847 coniunguntur),

242 1886 339 1949 neque
362 1887 436 1948 quas
458 1867 534 1932 alias
556 1869 709 1951 significet
730 1868 878 1945 Bacchas,
902 1889 968 1950 quoe
992 1889 1098 1934 omues
1122 1873 1229 1951 perosa
1250 1871 1319 1935 sit·

238 1973 336 2050 Aliis,
375 1973 527 2038 nonsibi
556 1973 693 2038 Bacchas
726 1994 890 2056 earumque
922 1993 971 2038 res
1000 1973 1084 2038 cordi
1114 1994 1180 2040 csse
1202 1975 1303 2040 iubet:

239 2071 404 2163 Βαίιχαι
427 2071 458 2142 d'
479 2073 611 2142 ἄλλαισι
642 2081 820 2161 μέλοιενι).
870 2079 1104 2166 substantivum
1131 2082 1318 2162 pronomini·

239 2183 426 2267 praecedenti
453 2184 717 2248 accommodatum
744 2187 791 2249 est
820 2184 901 2266 apud
926 2183 1108 2250 Strabonem
1130 2183 1158 2248 X
1179 2207 1208 2268 p.
1232 2189 1305 2262 482,

240 2289 294 2354 ubi
305 2290 473 2374 lycurgus,
497 2290 550 2372 qui
569 2291 739 2367 verebatur,
762 2309 801 2356 ne
823 2289 984 2354 falso-sibi
1005 2291 1210 2364 obiicerentur
1230 2291 1306 2356 insi-

241 2396 299 2459 diae
319 2395 428 2460 ‘fratris'
445 2395 529 2471 filio,
557 2391 643 2462 cuitus
666 2399 748 2460 essct
767 2397 860 2474 tutor,
882 2397 1006 2476 paratae,
1029 2415 1153 2477 prorsus
1175 2397 1307 2464 absurde

241 2499 381 2564 timuisse
414 2499 541 2577 dicitur,
574 2519 612 2564 ne
649 2501 769 2564 insidiae
802 2520 837 2565 ex
856 2501 935 2583 'ipso
960 2519 1052 2583 puero
1085 2502 1306 2568 obiicerentur:

241 2598 357 2688 λαβών
390 2598 420 2670 δ’
452 2597 620 2669 ὑπόνοιαν
649 2612 776 2677 ἐκεῖνος
806 2599 849 2677 οἷς
886 2612 921 2669 ἐκ
954 2607 1015 2670 τοῦ
1050 2600 1152 2692 λόγου
1180 2603 1306 2674 τούτου

243 2709 458 2794 διαβάλλοιτο
488 2705 653 2804 ἐπιβουλή
682 2717 714 2785 ἐξ
744 2705 852 2777 αὐτοῦ
881 2715 943 2778 τοὺ
973 2707 1104 2784 παιδός.
1158 2715 1306 2794 Apparet,

113 2813 122 2832 ‘
242 2815 423 2880 Strabonem
443 2815 616 2900 scripsisse:
641 2823 677 2892 ἐξ
699 2812 830 2882 αὐτοῦ
853 2819 885 2901 (a
902 2837 957 2908 suc
979 2821 1077 2901 parte)
1100 2819 1150 2902 τῷ
1173 2819 1315 2882 wurdt·

243 2921 301 2997 (De
323 2911 425 2987 dativo
448 2923 493 3006 τῷ
517 2921 617 2987 παιδί
644 2923 785 2988 adiuncto
815 2923 1007 2988 substantivo
1036 2915 1201 3007 ἐπιβουλή
1229 2924 1308 2988 nihil

241 3046 317 3116 opus
349 3028 397 3092 est
418 3027 493 3106 dici,
523 3029 678 3092 ettamen
700 3029 828 3093 fortasse
850 3029 914 3094 haec
942 3029 1110 3094 coniunctio
1132 3047 1191 3116 non
1214 3017 1306 3092 intel-

241 3131 322 3196 lecta
348 3135 402 3198 aut
429 3151 487 3198 nou
516 3133 732 3198 animadversa
759 3152 891 3198 errorem
920 3118 1060 3212 adiuvit.)
1113 3133 1204 3216 Apud
1231 3135 1306 3198 Plu·

240 3236 380 3302 tarchum
390 3238 422 3302 in
435 3238 538 3304 libello
558 3239 595 3302 de
610 3240 730 3304 fortuna
740 3238 946 3306 Romanorum
961 3260 987 3306 e.
1002 3242 1037 3302 ll
1058 3241 1101 3322 (p.
1114 3239 1237 3322 323F),
1252 3242 1306 3304 nbi
1324 3269 1327 3274 ·

241 3341 286 3405 sic
301 3341 414 3406 editur:
430 3338 484 3409 ‘H
494 3345 528 3409 dt
544 3341 659 3426 εὔροια
676 3344 744 3408 τῶν
760 3339 972 3430 πραγμάτων
988 3346 1041 3409 καὶ
1055 3340 1092 3410 τό
1109 3337 1232 3428 ῥόθιον
1243 3347 1305 3428 τῆς

242 3451 290 3520 εἰς
316 3443 488 3532 τοσαύτην
519 3445 669 3533 δύναμιν
708 3452 762 3514 καὶ
796 3447 936 3532 αὔξησιν
975 3444 1084 3532 ὁρμῆς
1119 3443 1160 3515 oei
1193 3452 1306 3534 χερσὶν

242 3545 439 3636 ‹lodovinus›
462 3547 537 3620 οὐδὲ
561 3549 683 3638 ὁρμαῖς
706 3539 971 3641 προσχωροῦσαν
992 3550 1199 3640 ἠγεμονίαν,
1223 3557 1304 3640 delo

243 3659 277 3723 di
314 3663 438 3748 πομπῇ
461 3653 525 3726 ιιιαὶ
551 3647 732 3754 ,πνεύματι
768 3655 869 3745 τύχης
904 3663 1192 3747 ι’πιταχυνσμὲνης
1228 3667 1305 3728 ἐπι-

269 4005 292 4064 1)
311 4000 388 4146 ivlam
411 3998 622 4056 emendttionem
648 4002 722 4056 edidi
740 4003 769 4056 in
787 4001 929 4057 annalibus
946 4003 1105 4072 Philologia
1125 4003 1234 4058 Derieis
1252 4007 1306 4062 rol.

355 4094 558 4161 pmcm.
