2954 4664
331 312 390 372 162
766 311 827 368 Lib.
846 315 870 369 Ι.

287 509 382 574 trium
404 510 603 576 distinctione
632 505 795 594 (ποιῆσαι,
824 499 993 610 nociores,
1022 512 1162 594 ποιῆσαι
1191 507 1248 596 ἄν)
1275 529 1350 594 quo-

288 616 378 680 modo
404 616 540 682 aberrsri
567 635 663 698 quave
693 616 731 680 de
764 631 856 678 causa
889 615 1022 695 potuerit
1054 635 1148 682 unum
1175 618 1350 682 membrum

289 723 405 788 certam
428 721 532 786 sedem
554 723 704 797 amittere,
727 719 851 784 omnino
873 738 934 786 non
956 721 1156 805 intellegitur.
1201 723 1276 785 Haec
1298 722 1350 803 qui

289 827 536 905 consideraverit,
558 827 587 891 ei
615 847 671 910 per
692 845 725 892 se
747 845 941 908 summopere
968 826 1168 908 improbabile
1189 827 1350 902 videbitur,

289 932 376 1016 φημὶ
413 931 535 1014 (οἶμαι)
571 933 881 1017 nospsos-unquam
912 932 944 996 in
976 932 1072 1006 illam,
1102 951 1194 1018 quam
1224 932 1350 1016 quidam

288 1039 413 1122 putant.
442 1037 694 1120 significationem
724 1037 885 1111 transisse,
921 1036 1012 1119 idque
1029 1039 1069 1100 ut
1090 1038 1241 1112 credatur,
1264 1039 1351 1102 inex-

288 1143 486 1228 pugnabilem
501 1143 563 1206 vim
579 1143 819 1208 certissimorum
836 1143 1082 1208 testimoniorum
1094 1142 1160 1208 dari
1167 1142 1350 1236 postulabit.

288 1249 391 1332 Atque
423 1267 459 1312 eo
491 1242 591 1331 magis
623 1248 678 1312 hoc
710 1247 811 1324 faciet,
841 1265 912 1312 cum
940 1249 968 1314 ei
997 1249 1028 1312 in
1059 1252 1197 1316 mentem
1223 1249 1351 1320 venerit,

358 1438 435 1492 benti
462 1438 491 1491 et
525 1438 645 1490 veterum
670 1436 741 1489 locos
774 1435 932 1504 inspicienti
955 1435 984 1488 in
1008 1438 1206 1491 commentariis
1224 1452 1252 1490 se
1270 1435 1352 1490 obtu-

358 1531 450 1585 lerunt
474 1529 502 1583 et
528 1545 586 1598 quse
608 1529 726 1582 breuiter
749 1527 853 1583 absolvi
877 1533 1003 1596 possunt,
1029 1529 1151 1600 exempla
1168 1545 1273 1602 ponam.
1310 1527 1353 1583 sd

359 1619 549 1690 Aristophanis
575 1619 639 1675 nub.
666 1622 714 1683 35,
751 1620 799 1674 ubi
824 1619 957 1683 Kockius,
984 1637 1042 1676 meo
1070 1621 1176 1676 nomine
1206 1620 1352 1690 appellato,

361 1729 475 1768 errorem
494 1710 727 1781 (ἐνεχυράεασθαί
746 1731 832 1780 φασιν
856 1712 889 1765 de
918 1713 1133 1782 pignerationem
1150 1697 1353 1780 minitantibus)

361 1805 516 1866 correxerat,
544 1804 691 1862 Teuffelius
707 1805 838 1859 aoristum
856 1803 985 1858 adscribit
1004 1806 1136 1860 actionem
1157 1806 1308 1876 simplicem
1326 1805 1372 1860 ct'

360 1916 408 1969 per
430 1914 458 1952 se
482 1897 540 1950 sine
563 1897 692 1966 temporis
716 1900 789 1956 nota,
804 1896 962 1966 significare,
986 1900 1018 1952 ut
1046 1899 1070 1950 si
1088 1897 1245 1966 Germanice
1263 1896 1352 1952 dicas:

361 1991 417 2055 ,sie
435 2005 525 2057 sagon,
549 1990 589 2042 sie
607 1988 723 2058 pianden
740 1992 820 2054 aus“;
846 1987 955 2051 deiude,
981 1992 1013 2044 ut
1030 2006 1101 2046 nunc
1128 1991 1157 2044 in
1175 1990 1225 2044 hac
1248 2006 1277 2044 rc
1294 1989 1355 2044 fieri

362 2082 474 2143 adsolet,
492 2081 624 2151 Kiuegeri
648 2081 823 2150 grammatica
840 2081 999 2148 appellatur.
1036 2081 1140 2139 Omitto
1164 2097 1249 2152 neque
1273 2080 1355 2134 Teuf-

359 2173 456 2228 lelium
473 2189 559 2258 neque
578 2189 738 2250 quemquam
763 2173 796 2226 de
813 2173 1005 2227 minitantibus
1024 2174 1063 2256 sie
1081 2173 1238 2230 Germanice
1264 2173 1355 2241 loqur,

360 2257 464 2321 sedubi
475 2264 621 2320 Teuffelius
639 2265 709 2334 legit
727 2265 797 2336 φημι
816 2269 939 2335 ποιῆσαι,
956 2265 990 2318 ut
1006 2268 1085 2328 esset,
1104 2265 1174 2335 quod
1190 2265 1260 2328 vult,
1280 2265 1356 2320 dico

360 2375 409 2413 me
427 2357 575 2432 faceret*
596 2358 654 2411 Hoc
672 2358 744 2411 enim
762 2373 796 2410 ne
813 2355 858 2410 illi
875 2357 991 2425 quidem,
1009 2359 1056 2428 qui
1074 2373 1122 2427 pro
1141 2360 1212 2426 φημὶ
1229 2357 1356 2426 ποιήσειν

362 2452 417 2506 dici
444 2466 521 2520 posse
543 2451 653 2519 putant,
682 2449 796 2504 tradunt
821 2449 984 2518 (quanquam
1007 2452 1119 2504 memini
1145 2449 1357 2506 Stallbaumium

361 2543 463 2599 alicubi
492 2542 521 2595 in
548 2543 663 2611 Platone
689 2542 718 2596 in
742 2557 824 2610 prava
848 2541 979 2610 scriptura
1002 2541 1148 2596 enarranda
1172 2543 1211 2596 sio
1232 2543 1357 2609 vertere).

359 2636 402 2691 Ad
421 2634 559 2704 Sophoclis
576 2635 710 2689 Electram
726 2635 786 2696 443,
805 2632 852 2688 ubi
870 2636 949 2698 douai
965 2673 972 2687 .
991 2672 998 2686 .
1017 2676 1025 2690 .
1044 2635 1183 2700 δέξασθαι
1200 2633 1281 2697 νέκυς
1308 2649 1357 2688 ro·

361 2729 425 2782 lunt
437 2730 674 2782 essemortuum
691 2728 909 2794 accepturum
927 2742 1013 2790 esse,
1034 2725 1253 2781 Schneidewinus
1265 2728 1357 2794 negat,

358 2821 525 2894 assentiente
542 2819 680 2883 Nauckio,
697 2818 831 2883 δέξεσθαι
849 2821 920 2873 recte
929 2818 983 2874 dici
1000 2819 1128 2888 potuisse,
1146 2815 1217 2886 quod
1235 2815 1264 2870 id
1278 2814 1357 2884 (Ger-

361 2913 475 2966 manicis
492 2911 582 2966 verbis
599 2909 730 2964 utendum
748 2912 797 2973 est,
816 2926 850 2964 nc
869 2911 933 2980 quid
951 2912 1099 2982 corrupisse
1108 2903 1239 2964 'vertendo
1253 2907 1358 2975 videar)

364 3003 430 3069 ,auf
445 3005 490 3057 ein
508 3002 730 3058 bevorstehendes
749 3003 882 3072 δέχεσθαι
899 3002 1041 3057 bestimmt
1065 3002 1184 3056 weiset“.
1220 3001 1291 3070 Ergo
1309 2997 1359 3052 ubi

358 3096 466 3166 aliquid
494 3096 616 3149 futurum
640 3111 769 3164 negamus
791 3095 914 3164 credique
931 3094 1055 3148 futurum
1075 3110 1131 3147 esse
1149 3095 1279 3154 vetamus,
1303 3107 1358 3144 non

316 3205 319 3212 ·
360 3189 487 3243 debemus
520 3187 605 3242 futuri
639 3169 835 3256 significatione
863 3188 914 3242 uti.
968 3185 1039 3253 Quid
1065 3185 1148 3254 ergo?
1196 3181 1359 3238 Dicemusnc

358 3281 563 3344 ominiscausa,
582 3297 634 3334 non
653 3261 774 3334 iactum?
810 3273 963 3334 Clsssenius
980 3277 1015 3333 ad
1032 3274 1151 3348 Thucyd
1170 3279 1208 3340 11,
1227 3281 1252 3340 3,
1279 3279 1297 3332 2
1323 3276 1359 3330 ad

361 3377 498 3442 κρατῆσαι
516 3373 550 3428 de
577 3390 605 3428 rc
623 3373 715 3436 futura
732 3373 852 3441 positum
872 3371 1081 3426 confirmandum
1098 3353 1168 3426 illud
1186 3385 1293 3439 quoque
1309 3368 1358 3424 ad·

363 3465 466 3528 scribit,
486 3464 524 3518 sic
542 3465 624 3518 etiam
642 3481 702 3518 cum
721 3459 756 3516 ἄν
774 3463 837 3532 poni
855 3464 992 3518 aoristum,
1029 3462 1100 3536 Quid
1118 3464 1160 3518 cst
1182 3462 1272 3516 omnis
1295 3475 1388 3540 con-u

359 3555 480 3620 fundere,
511 3555 535 3609 si
563 3557 612 3632 hoc
643 3572 695 3610 non
726 3557 780 3620 est,
811 3571 842 3610 ex
872 3571 916 3620 eo,
944 3555 1015 3624 quod
1044 3555 1094 3610 fiat
1119 3556 1147 3610 in
1176 3558 1292 3620 ποιῆσαι
1322 3549 1363 3626 ἄιε
1414 3551 1418 3563 ’

359 3651 406 3714 (=
426 3647 571 3718 ποιήσαιμι
589 3645 644 3715 dv),
669 3645 781 3710 efficere,
800 3645 866 3716 quid
889 3647 938 3701 flat
955 3649 984 3701 in
1003 3652 1119 3717 ποιῆσαι
1142 3652 1188 3713 (--
1212 3643 1360 3716 insinuati?

363 3739 457 3808 (Gravi
476 3755 563 3795 errore
580 3739 681 3793 ibidem
699 3739 782 3793 Thus.
801 3739 832 3801 V,
856 3743 880 3802 1,
905 3743 920 3795 1
944 3741 1052 3806 citatur,
1080 3741 1128 3794 ubi
1151 3743 1268 3808 ποιῆσαι
1291 3739 1360 3808 satis

360 3835 482 3902 apertum
501 3831 632 3901 preteriti
650 3829 874 3900 significationem
891 3832 996 3898 habet.)
1017 3833 1168 3902 AEgerrime
1186 3832 1242 3886 iero
1260 3833 1290 3886 iu
1309 3833 1359 3886 ho·
1465 3873 1466 3903 ,

363 3924 482 3978 minibus
505 3939 553 3978 nec
575 3923 690 3978 indoctis
713 3939 773 3986 uec,
806 3923 830 3976 si
855 3925 991 3994 cogitandi
1013 3926 1131 3995 spatium
1152 3928 1186 3979 et
1202 3925 1360 3982 libertatem

359 4017 506 4078 sumerent,
524 4015 748 4098 imprudentibus,
767 4015 835 4070 hanc
852 4016 972 4087 fingendi
989 4023 1018 4073 et
1037 4018 1164 4090 quicquid
1181 4018 1231 4072 sub
1247 4035 1361 4074 acumen

364 4107 426 4162 stili
444 4107 556 4172 venerit,
576 4107 709 4162 scribendi
728 4109 916 4166 temeritatem.
