<?xml version="1.0" encoding="UTF-8"?>
<!DOCTYPE html PUBLIC "-//W3C//DTD XHTML 1.0 Transitional//EN"
    "http://www.w3.org/TR/xhtml1/DTD/xhtml1-transitional.dtd">
<html xmlns="http://www.w3.org/1999/xhtml" xml:lang="en" lang="en">
 <head>
  <title>
</title>
<meta http-equiv="Content-Type" content="text/html;charset=utf-8" />
  <meta name='ocr-system' content='tesseract 3.04.00' />
  <meta name='ocr-capabilities' content='ocr_page ocr_carea ocr_par ocr_line ocrx_word'/>
</head>
<body>
  <div class='ocr_page' id='page_1' title='image "./adversariacriti02madvgoog_0086.png"; bbox 0 0 2944 4660; ppageno 0'>
   <div class='ocr_carea' id='block_1_1' title="bbox 608 289 1255 376">
    <p class='ocr_par' dir='ltr' id='par_1_1' title="bbox 608 289 1255 387">
     <span class='ocr_line' id='line_1_1' title="bbox 608 289 1255 376; baseline 0.006 -30"><span class='ocrx_word' id='word_1_1' title='bbox 608 291 668 346; x_wconf 88' lang='lat' dir='ltr'><strong>Lib.</strong></span> <span class='ocrx_word' id='word_1_2' title='bbox 680 291 706 344; x_wconf 86' lang='lat'>1</span> <span class='ocrx_word' id='word_1_3' title='bbox 1104 289 1142 352; x_wconf 77' lang='lat' dir='ltr'>ll</span> <span class='ocrx_word' id='word_1_4' title='bbox 1227 337 1229 344; x_wconf 82' lang='grc'>.</span> <span class='ocrx_word' id='word_1_5' title='bbox 1247 357 1255 376; x_wconf 42' lang='lat'><em>⁶</em></span> 
     </span>
    </p>
   </div>
   <div class='ocr_carea' id='block_1_2' title="bbox 127 477 1195 1736">
    <p class='ocr_par' dir='ltr' id='par_1_2' title="bbox 127 477 1195 1736">
     <span class='ocr_line' id='line_1_2' title="bbox 129 477 1195 578; baseline -0.002 -24"><span class='ocrx_word' id='word_1_6' title='bbox 129 509 197 554; x_wconf 83' lang='lat' dir='ltr'>ans</span> <span class='ocrx_word' id='word_1_7' title='bbox 210 509 302 557; x_wconf 81' lang='lat' dir='ltr'>saxa</span> <span class='ocrx_word' id='word_1_8' title='bbox 316 493 435 568; x_wconf 79' lang='lat' dir='ltr'>nutum,</span> <span class='ocrx_word' id='word_1_9' title='bbox 451 492 505 554; x_wconf 86' lang='lat' dir='ltr'>cut</span> <span class='ocrx_word' id='word_1_10' title='bbox 519 489 599 572; x_wconf 91' lang='lat' dir='ltr'>qued</span> <span class='ocrx_word' id='word_1_11' title='bbox 610 489 642 553; x_wconf 92' lang='lat' dir='ltr'>in</span> <span class='ocrx_word' id='word_1_12' title='bbox 655 487 808 553; x_wconf 77' lang='lat' dir='ltr'>Ciceronis</span> <span class='ocrx_word' id='word_1_13' title='bbox 818 487 953 552; x_wconf 78' lang='lat' dir='ltr'>emtione</span> <span class='ocrx_word' id='word_1_14' title='bbox 963 507 1017 572; x_wconf 90' lang='lat' dir='ltr'>pro</span> <span class='ocrx_word' id='word_1_15' title='bbox 1028 487 1128 554; x_wconf 84' lang='lat' dir='ltr'>Sestio</span> <span class='ocrx_word' id='word_1_16' title='bbox 1141 477 1195 578; x_wconf 60' lang='lat' dir='ltr'>ol„</span> 
     </span>
     <span class='ocr_line' id='line_1_3' title="bbox 129 593 1191 678; baseline 0.002 -22"><span class='ocrx_word' id='word_1_17' title='bbox 129 596 189 658; x_wconf 87' lang='grc'>130</span> <span class='ocrx_word' id='word_1_18' title='bbox 206 595 323 678; x_wconf 79' lang='lat' dir='ltr'>proed</span> <span class='ocrx_word' id='word_1_19' title='bbox 343 595 540 660; x_wconf 81' lang='lat' dir='ltr'>Numidici</span> <span class='ocrx_word' id='word_1_20' title='bbox 559 595 679 659; x_wconf 92' lang='lat' dir='ltr'>illius</span> <span class='ocrx_word' id='word_1_21' title='bbox 697 612 766 658; x_wconf 89' lang='lat' dir='ltr'>cum</span> <span class='ocrx_word' id='word_1_22' title='bbox 780 593 812 658; x_wconf 89' lang='lat' dir='ltr'>in</span> <span class='ocrx_word' id='word_1_23' title='bbox 830 593 933 660; x_wconf 87' lang='lat' dir='ltr'>codice</span> <span class='ocrx_word' id='word_1_24' title='bbox 943 593 1082 660; x_wconf 81' lang='lat' dir='ltr'>Parisino</span> <span class='ocrx_word' id='word_1_25' title='bbox 1094 594 1191 677; x_wconf 89' lang='lat' dir='ltr'>scrip-</span> 
     </span>
     <span class='ocr_line' id='line_1_4' title="bbox 127 697 1192 776; baseline -0.002 -10"><span class='ocrx_word' id='word_1_26' title='bbox 127 703 193 766; x_wconf 89' lang='lat' dir='ltr'>tum</span> <span class='ocrx_word' id='word_1_27' title='bbox 224 705 308 766; x_wconf 89' lang='lat' dir='ltr'>esset</span> <span class='ocrx_word' id='word_1_28' title='bbox 328 701 373 766; x_wconf 87' lang='lat' dir='ltr'>nd</span> <span class='ocrx_word' id='word_1_29' title='bbox 394 719 512 766; x_wconf 89' lang='lat' dir='ltr'>unum</span> <span class='ocrx_word' id='word_1_30' title='bbox 535 699 726 776; x_wconf 76' lang='lat' dir='ltr'>dicitius,</span> <span class='ocrx_word' id='word_1_31' title='bbox 747 717 856 764; x_wconf 80' lang='lat' dir='ltr'>munus</span> <span class='ocrx_word' id='word_1_32' title='bbox 878 697 1062 772; x_wconf 80' lang='lat' dir='ltr'>secundein</span> <span class='ocrx_word' id='word_1_33' title='bbox 1084 699 1192 764; x_wconf 90' lang='lat' dir='ltr'>eodem</span> 
     </span>
     <span class='ocr_line' id='line_1_5' title="bbox 128 795 1190 887; baseline 0 -17"><span class='ocrx_word' id='word_1_34' title='bbox 128 807 229 870; x_wconf 84' lang='lat' dir='ltr'>effecit</span> <span class='ocrx_word' id='word_1_35' title='bbox 244 805 290 870; x_wconf 84' lang='lat' dir='ltr'>ed</span> <span class='ocrx_word' id='word_1_36' title='bbox 305 825 420 870; x_wconf 91' lang='lat' dir='ltr'>unum</span> <span class='ocrx_word' id='word_1_37' title='bbox 442 806 549 870; x_wconf 86' lang='lat' dir='ltr'>dicto</span> <span class='ocrx_word' id='word_1_38' title='bbox 563 804 693 870; x_wconf 87' lang='lat' dir='ltr'>citius.</span> <span class='ocrx_word' id='word_1_39' title='bbox 715 804 857 868; x_wconf 79' lang='lat' dir='ltr'><strong>Palmam</strong></span> <span class='ocrx_word' id='word_1_40' title='bbox 878 795 960 873; x_wconf 83' lang='lat' dir='ltr'>enim</span> <span class='ocrx_word' id='word_1_41' title='bbox 980 804 1190 887; x_wconf 68' lang='lat' dir='ltr'>simplicitatis</span> 
     </span>
     <span class='ocr_line' id='line_1_6' title="bbox 128 908 1192 993; baseline 0 -19"><span class='ocrx_word' id='word_1_42' title='bbox 128 911 230 976; x_wconf 86' lang='lat' dir='ltr'>Letini</span> <span class='ocrx_word' id='word_1_43' title='bbox 242 911 350 976; x_wconf 80' lang='lat' dir='ltr'>scrioae</span> <span class='ocrx_word' id='word_1_44' title='bbox 361 911 620 989; x_wconf 77' lang='lat' dir='ltr'>tenentrudiores</span> <span class='ocrx_word' id='word_1_45' title='bbox 632 929 724 993; x_wconf 89' lang='lat' dir='ltr'>quum</span> <span class='ocrx_word' id='word_1_46' title='bbox 736 908 886 986; x_wconf 78' lang='lat' dir='ltr'>Graeciut</span> <span class='ocrx_word' id='word_1_47' title='bbox 896 908 958 974; x_wconf 84' lang='lat' dir='ltr'>dixi</span> <span class='ocrx_word' id='word_1_48' title='bbox 973 909 1192 992; x_wconf 73' lang='lat' dir='ltr'>supruQuan·</span> 
     </span>
     <span class='ocr_line' id='line_1_7' title="bbox 130 1011 1190 1098; baseline -0.002 -18"><span class='ocrx_word' id='word_1_49' title='bbox 130 1035 220 1098; x_wconf 85' lang='lat' dir='ltr'>quem</span> <span class='ocrx_word' id='word_1_50' title='bbox 236 1016 309 1098; x_wconf 91' lang='lat' dir='ltr'>quid</span> <span class='ocrx_word' id='word_1_51' title='bbox 331 1017 433 1098; x_wconf 85' lang='lat' dir='ltr'>potest</span> <span class='ocrx_word' id='word_1_52' title='bbox 444 1035 511 1082; x_wconf 88' lang='lat' dir='ltr'>esse</span> <span class='ocrx_word' id='word_1_53' title='bbox 525 1015 566 1080; x_wconf 81' lang='lat' dir='ltr'>ed</span> <span class='ocrx_word' id='word_1_54' title='bbox 580 1014 811 1098; x_wconf 75' lang='lat' dir='ltr'>&#39;simplicitatem</span> <span class='ocrx_word' id='word_1_55' title='bbox 823 1011 1034 1080; x_wconf 77' lang='lat' dir='ltr'>admirabilius</span> <span class='ocrx_word' id='word_1_56' title='bbox 1044 1033 1090 1092; x_wconf 85' lang='lat' dir='ltr'>eo,</span> <span class='ocrx_word' id='word_1_57' title='bbox 1110 1013 1190 1096; x_wconf 90' lang='lat' dir='ltr'>quod</span> 
     </span>
     <span class='ocr_line' id='line_1_8' title="bbox 128 1118 1192 1203; baseline 0.001 -19"><span class='ocrx_word' id='word_1_58' title='bbox 128 1118 1192 1203; x_wconf 78' lang='lat' dir='ltr'>inPlutarehilibellodefueieidorhelunaeo.ld‚l(p.928)effeetum</span> 
     </span>
     <span class='ocr_line' id='line_1_9' title="bbox 131 1223 1192 1292; baseline -0.002 -2"><span class='ocrx_word' id='word_1_59' title='bbox 131 1230 195 1292; x_wconf 78' lang='lat' dir='ltr'>est?</span> <span class='ocrx_word' id='word_1_60' title='bbox 209 1227 375 1290; x_wconf 79' lang='lat' dir='ltr'>Nemeum</span> <span class='ocrx_word' id='word_1_61' title='bbox 393 1227 438 1290; x_wconf 91' lang='lat' dir='ltr'>sic</span> <span class='ocrx_word' id='word_1_62' title='bbox 448 1226 633 1292; x_wconf 74' lang='lat' dir='ltr'>Plutarchus</span> <span class='ocrx_word' id='word_1_63' title='bbox 649 1225 686 1288; x_wconf 94' lang='lat' dir='ltr'>de</span> <span class='ocrx_word' id='word_1_64' title='bbox 697 1223 770 1288; x_wconf 81' lang='lat' dir='ltr'>lune</span> <span class='ocrx_word' id='word_1_65' title='bbox 783 1223 815 1286; x_wconf 89' lang='lat' dir='ltr'>in</span> <span class='ocrx_word' id='word_1_66' title='bbox 827 1223 940 1288; x_wconf 85' lang='lat' dir='ltr'>oethere</span> <span class='ocrx_word' id='word_1_67' title='bbox 951 1225 1039 1288; x_wconf 82' lang='lat' dir='ltr'>nanti</span> <span class='ocrx_word' id='word_1_68' title='bbox 1050 1227 1082 1290; x_wconf 90' lang='lat' dir='ltr'>et</span> <span class='ocrx_word' id='word_1_69' title='bbox 1095 1225 1192 1290; x_wconf 84' lang='lat' dir='ltr'>&#39;aethe-</span> 
     </span>
     <span class='ocr_line' id='line_1_10' title="bbox 130 1321 1191 1414; baseline -0.002 -18"><span class='ocrx_word' id='word_1_70' title='bbox 130 1351 162 1396; x_wconf 85' lang='lat' dir='ltr'>m</span> <span class='ocrx_word' id='word_1_71' title='bbox 180 1332 262 1396; x_wconf 83' lang='lat' dir='ltr'>infru</span> <span class='ocrx_word' id='word_1_72' title='bbox 284 1350 317 1396; x_wconf 90' lang='lat' dir='ltr'>se</span> <span class='ocrx_word' id='word_1_73' title='bbox 339 1332 467 1396; x_wconf 77' lang='lat' dir='ltr'>habenti</span> <span class='ocrx_word' id='word_1_74' title='bbox 488 1329 679 1412; x_wconf 79' lang='lat' dir='ltr'>scripsisset:</span> <span class='ocrx_word' id='word_1_75' title='bbox 702 1321 796 1397; x_wconf 77' lang='lat' dir='ltr'>’All’</span> <span class='ocrx_word' id='word_1_76' title='bbox 814 1325 906 1412; x_wconf 85' lang='grc' dir='ltr'><strong><em>ὅμως</em></strong></span> <span class='ocrx_word' id='word_1_77' title='bbox 922 1321 1006 1412; x_wconf 77' lang='grc' dir='ltr'><strong><em>ὀροῖν</em></strong></span> <span class='ocrx_word' id='word_1_78' title='bbox 1026 1323 1191 1414; x_wconf 73' lang='grc' dir='ltr'><strong><em>πάρεστιν</em></strong></span> 
     </span>
     <span class='ocr_line' id='line_1_11' title="bbox 132 1427 1191 1520; baseline 0 -20"><span class='ocrx_word' id='word_1_79' title='bbox 132 1431 188 1502; x_wconf 72' lang='grc' dir='ltr'>οὐκ</span> <span class='ocrx_word' id='word_1_80' title='bbox 217 1431 493 1520; x_wconf 66' lang='grc' dir='ltr'><em>ἀποκεκριμένην</em></span> <span class='ocrx_word' id='word_1_81' title='bbox 515 1438 576 1502; x_wconf 77' lang='grc' dir='ltr'>τοὺ</span> <span class='ocrx_word' id='word_1_82' title='bbox 602 1437 741 1517; x_wconf 75' lang='grc' dir='ltr'><em>αἰθέρος</em></span> <span class='ocrx_word' id='word_1_83' title='bbox 762 1430 826 1518; x_wconf 77' lang='grc' dir='ltr'>νην</span> <span class='ocrx_word' id='word_1_84' title='bbox 849 1427 1011 1520; x_wconf 77' lang='grc' dir='ltr'>σελήνην,</span> <span class='ocrx_word' id='word_1_85' title='bbox 1046 1428 1119 1500; x_wconf 74' lang='lat' dir='ltr'>a&#39;tl&#39;</span> <span class='ocrx_word' id='word_1_86' title='bbox 1143 1446 1191 1500; x_wconf 85' lang='grc' dir='ltr'><strong><em>ε”σι</em></strong></span> 
     </span>
     <span class='ocr_line' id='line_1_12' title="bbox 132 1533 1192 1628; baseline 0 -22"><span class='ocrx_word' id='word_1_87' title='bbox 132 1544 242 1628; x_wconf 78' lang='grc' dir='ltr'><strong><em>πολλῷ</em></strong></span> <span class='ocrx_word' id='word_1_88' title='bbox 265 1545 412 1628; x_wconf 72' lang='lat' dir='ltr'>npi&#39;nspl</span> <span class='ocrx_word' id='word_1_89' title='bbox 435 1536 546 1627; x_wconf 73' lang='grc' dir='ltr'><strong><em>αὐτην</em></strong></span> <span class='ocrx_word' id='word_1_90' title='bbox 568 1545 816 1626; x_wconf 73' lang='grc' dir='ltr'>ἐμφερομένην,</span> <span class='ocrx_word' id='word_1_91' title='bbox 841 1537 975 1606; x_wconf 75' lang='grc' dir='ltr'><strong><em>πολύν</em></strong></span> <span class='ocrx_word' id='word_1_92' title='bbox 1003 1541 1037 1606; x_wconf 77' lang='grc' dir='ltr'>δὲ·</span> <span class='ocrx_word' id='word_1_93' title='bbox 1059 1533 1192 1624; x_wconf 79' lang='grc' dir='ltr'><strong><em>ὑφ’ἑαν-</em></strong></span> 
     </span>
     <span class='ocr_line' id='line_1_13' title="bbox 132 1636 1191 1736; baseline -0.002 -24"><span class='ocrx_word' id='word_1_94' title='bbox 132 1642 193 1732; x_wconf 76' lang='grc' dir='ltr'>την</span> <span class='ocrx_word' id='word_1_95' title='bbox 216 1657 375 1734; x_wconf 74' lang='grc' dir='ltr'><strong><em>ἔχουσαν,</em></strong></span> <span class='ocrx_word' id='word_1_96' title='bbox 408 1654 450 1712; x_wconf 78' lang='grc' dir='ltr'>ἐν</span> <span class='ocrx_word' id='word_1_97' title='bbox 472 1636 496 1734; x_wconf 75' lang='lat' dir='ltr'>pi</span> <span class='ocrx_word' id='word_1_98' title='bbox 519 1649 689 1736; x_wconf 70' lang='grc' dir='ltr'><strong><em>δινεῖσθαι</em></strong></span> <span class='ocrx_word' id='word_1_99' title='bbox 724 1648 777 1712; x_wconf 76' lang='grc' dir='ltr'>καὶ</span> <span class='ocrx_word' id='word_1_100' title='bbox 802 1639 968 1731; x_wconf 81' lang='grc' dir='ltr'><strong><em>ιιομησοις,</em></strong></span> <span class='ocrx_word' id='word_1_101' title='bbox 998 1647 1132 1730; x_wconf 86' lang='lat' dir='ltr'>primum</span> <span class='ocrx_word' id='word_1_102' title='bbox 1153 1665 1191 1711; x_wconf 85' lang='lat' dir='ltr'>ex</span> 
     </span>
    </p>
   </div>
   <div class='ocr_carea' id='block_1_3' title="bbox 30 1747 1191 1838">
    <p class='ocr_par' dir='ltr' id='par_1_3' title="bbox 30 1747 1191 1838">
     <span class='ocr_line' id='line_1_14' title="bbox 30 1747 1191 1838; baseline 0 -22"><span class='ocrx_word' id='word_1_103' title='bbox 30 1757 35 1764; x_wconf 91' lang='lat'>&#39;</span> <span class='ocrx_word' id='word_1_104' title='bbox 132 1747 239 1819; x_wconf 77' lang='grc' dir='ltr'><strong><em>πολύν</em></strong></span> <span class='ocrx_word' id='word_1_105' title='bbox 268 1754 550 1820; x_wconf 77' lang='lat' dir='ltr'>accommodatione</span> <span class='ocrx_word' id='word_1_106' title='bbox 578 1753 617 1818; x_wconf 81' lang='lat' dir='ltr'>ad</span> <span class='ocrx_word' id='word_1_107' title='bbox 639 1755 875 1838; x_wconf 76' lang='grc' dir='ltr'><strong><em>ἐμφερομένην</em></strong></span> <span class='ocrx_word' id='word_1_108' title='bbox 898 1752 1015 1818; x_wconf 78' lang='lat' dir='ltr'>fuctum</span> <span class='ocrx_word' id='word_1_109' title='bbox 1038 1755 1086 1818; x_wconf 80' lang='lat' dir='ltr'>cst</span> <span class='ocrx_word' id='word_1_110' title='bbox 1107 1755 1191 1817; x_wconf 77' lang='grc' dir='ltr'><strong><em>πσλ-</em></strong></span> 
     </span>
    </p>
   </div>
   <div class='ocr_carea' id='block_1_4' title="bbox 128 1852 1194 2153">
    <p class='ocr_par' dir='ltr' id='par_1_4' title="bbox 128 1852 1194 2153">
     <span class='ocr_line' id='line_1_15' title="bbox 132 1852 1193 1954; baseline -0.002 -30"><span class='ocrx_word' id='word_1_111' title='bbox 132 1852 205 1944; x_wconf 74' lang='grc' dir='ltr'>λην,</span> <span class='ocrx_word' id='word_1_112' title='bbox 245 1859 357 1924; x_wconf 89' lang='lat' dir='ltr'>deinde</span> <span class='ocrx_word' id='word_1_113' title='bbox 385 1860 552 1942; x_wconf 84' lang='lat' dir='ltr'>geminetis</span> <span class='ocrx_word' id='word_1_114' title='bbox 579 1859 721 1924; x_wconf 82' lang='lat' dir='ltr'>extremis</span> <span class='ocrx_word' id='word_1_115' title='bbox 743 1859 856 1940; x_wconf 75' lang='lat' dir='ltr'>litteris</span> <span class='ocrx_word' id='word_1_116' title='bbox 877 1858 1029 1941; x_wconf 75' lang='lat' dir='ltr'>participii</span> <span class='ocrx_word' id='word_1_117' title='bbox 1048 1865 1193 1954; x_wconf 54' lang='grc' dir='ltr'><strong><em>’ἔχουσαν</em></strong></span> 
     </span>
     <span class='ocr_line' id='line_1_16' title="bbox 130 1963 1191 2048; baseline -0.002 -20"><span class='ocrx_word' id='word_1_118' title='bbox 130 1967 236 2030; x_wconf 83' lang='lat' dir='ltr'>netum</span> <span class='ocrx_word' id='word_1_119' title='bbox 262 1964 311 2028; x_wconf 91' lang='lat' dir='ltr'>est</span> <span class='ocrx_word' id='word_1_120' title='bbox 333 1989 460 2048; x_wconf 79' lang='grc' dir='ltr'><strong><em>σνενο,</em></strong></span> <span class='ocrx_word' id='word_1_121' title='bbox 493 1966 561 2028; x_wconf 83' lang='lat' dir='ltr'>tum</span> <span class='ocrx_word' id='word_1_122' title='bbox 583 1983 620 2028; x_wconf 88' lang='lat' dir='ltr'>ex</span> <span class='ocrx_word' id='word_1_123' title='bbox 640 1965 696 2030; x_wconf 89' lang='lat' dir='ltr'>hoc</span> <span class='ocrx_word' id='word_1_124' title='bbox 717 1964 842 2030; x_wconf 84' lang='lat' dir='ltr'>effectus</span> <span class='ocrx_word' id='word_1_125' title='bbox 864 1964 1025 2046; x_wconf 84' lang='lat' dir='ltr'>genetivus</span> <span class='ocrx_word' id='word_1_126' title='bbox 1048 1963 1191 2028; x_wconf 79' lang='lat' dir='ltr'>substan·</span> 
     </span>
     <span class='ocr_line' id='line_1_17' title="bbox 128 2063 1194 2153; baseline -0.003 -19"><span class='ocrx_word' id='word_1_127' title='bbox 128 2070 182 2134; x_wconf 82' lang='lat' dir='ltr'>nvi</span> <span class='ocrx_word' id='word_1_128' title='bbox 214 2069 318 2136; x_wconf 82' lang='lat' dir='ltr'>Graeci</span> <span class='ocrx_word' id='word_1_129' title='bbox 347 2063 503 2153; x_wconf 79' lang='grc' dir='ltr'><strong><em>σ’νέμων,</em></strong></span> <span class='ocrx_word' id='word_1_130' title='bbox 536 2069 588 2151; x_wconf 88' lang='lat' dir='ltr'>qui</span> <span class='ocrx_word' id='word_1_131' title='bbox 626 2069 727 2134; x_wconf 90' lang='lat' dir='ltr'>editur</span> <span class='ocrx_word' id='word_1_132' title='bbox 758 2087 828 2134; x_wconf 89' lang='lat' dir='ltr'>cum</span> <span class='ocrx_word' id='word_1_133' title='bbox 850 2070 923 2134; x_wconf 85' lang='lat' dir='ltr'>notu</span> <span class='ocrx_word' id='word_1_134' title='bbox 948 2068 1074 2134; x_wconf 79' lang='lat' dir='ltr'>lecunae.</span> <span class='ocrx_word' id='word_1_135' title='bbox 1133 2067 1194 2132; x_wconf 85' lang='lat' dir='ltr'>Sed</span> 
     </span>
    </p>
   </div>
   <div class='ocr_carea' id='block_1_5' title="bbox 20 2173 1194 2258">
    <p class='ocr_par' dir='ltr' id='par_1_5' title="bbox 20 2173 1194 2258">
     <span class='ocr_line' id='line_1_18' title="bbox 20 2173 1194 2258; baseline 0 -20"><span class='ocrx_word' id='word_1_136' title='bbox 20 2227 21 2250; x_wconf 25' lang='grc' dir='ltr'><strong><em>ς</em></strong></span> <span class='ocrx_word' id='word_1_137' title='bbox 131 2175 271 2256; x_wconf 83' lang='lat' dir='ltr'>exempla</span> <span class='ocrx_word' id='word_1_138' title='bbox 296 2174 404 2240; x_wconf 79' lang='lat' dir='ltr'>oraeca</span> <span class='ocrx_word' id='word_1_139' title='bbox 430 2178 533 2240; x_wconf 85' lang='lat' dir='ltr'>cetere</span> <span class='ocrx_word' id='word_1_140' title='bbox 554 2173 607 2255; x_wconf 86' lang='lat' dir='ltr'>(ne</span> <span class='ocrx_word' id='word_1_141' title='bbox 630 2173 750 2240; x_wconf 89' lang='lat' dir='ltr'>delectu</span> <span class='ocrx_word' id='word_1_142' title='bbox 770 2179 929 2258; x_wconf 79' lang='lat' dir='ltr'>vagemur)</span> <span class='ocrx_word' id='word_1_143' title='bbox 952 2192 988 2238; x_wconf 93' lang='lat' dir='ltr'>ex</span> <span class='ocrx_word' id='word_1_144' title='bbox 1008 2191 1068 2238; x_wconf 93' lang='lat' dir='ltr'>uno</span> <span class='ocrx_word' id='word_1_145' title='bbox 1090 2191 1194 2238; x_wconf 86' lang='lat' dir='ltr'>sumn-</span> 
     </span>
    </p>
   </div>
   <div class='ocr_carea' id='block_1_6' title="bbox 20 2277 1268 3624">
    <p class='ocr_par' dir='ltr' id='par_1_6' title="bbox 20 2277 1268 3624">
     <span class='ocr_line' id='line_1_19' title="bbox 20 2277 1193 2366; baseline -0.002 -22"><span class='ocrx_word' id='word_1_146' title='bbox 20 2289 21 2366; x_wconf 67' lang='lat'>}</span> <span class='ocrx_word' id='word_1_147' title='bbox 129 2299 195 2344; x_wconf 90' lang='lat' dir='ltr'>mus</span> <span class='ocrx_word' id='word_1_148' title='bbox 206 2280 366 2362; x_wconf 81' lang='lat' dir='ltr'>Strabonis</span> <span class='ocrx_word' id='word_1_149' title='bbox 377 2279 505 2362; x_wconf 85' lang='lat' dir='ltr'>opere¹).</span> <span class='ocrx_word' id='word_1_150' title='bbox 527 2279 559 2343; x_wconf 88' lang='lat' dir='ltr'>ls</span> <span class='ocrx_word' id='word_1_151' title='bbox 573 2277 708 2361; x_wconf 89' lang='lat' dir='ltr'>primum</span> <span class='ocrx_word' id='word_1_152' title='bbox 721 2279 799 2344; x_wconf 88' lang='lat' dir='ltr'>libro</span> <span class='ocrx_word' id='word_1_153' title='bbox 809 2280 825 2344; x_wconf 95' lang='grc' dir='ltr'>Ι</span> <span class='ocrx_word' id='word_1_154' title='bbox 835 2299 866 2361; x_wconf 92' lang='lat' dir='ltr'>p.</span> <span class='ocrx_word' id='word_1_155' title='bbox 879 2280 919 2343; x_wconf 78' lang='lat'>55</span> <span class='ocrx_word' id='word_1_156' title='bbox 930 2278 1084 2362; x_wconf 75' lang='lat' dir='ltr'>duplicem</span> <span class='ocrx_word' id='word_1_157' title='bbox 1098 2278 1193 2344; x_wconf 87' lang='lat' dir='ltr'>meris</span> 
     </span>
     <span class='ocr_line' id='line_1_20' title="bbox 20 2367 1193 2468; baseline -0.002 -20"><span class='ocrx_word' id='word_1_158' title='bbox 20 2387 22 2422; x_wconf 65' lang='lat'>³</span> <span class='ocrx_word' id='word_1_159' title='bbox 130 2385 209 2449; x_wconf 84' lang='lat' dir='ltr'>circu</span> <span class='ocrx_word' id='word_1_160' title='bbox 229 2385 345 2450; x_wconf 87' lang='lat' dir='ltr'>fretum</span> <span class='ocrx_word' id='word_1_161' title='bbox 357 2367 495 2450; x_wconf 86' lang='lat' dir='ltr'>Siculum</span> <span class='ocrx_word' id='word_1_162' title='bbox 517 2386 866 2462; x_wconf 80' lang='lat' dir='ltr'>commemoretaestum</span> <span class='ocrx_word' id='word_1_163' title='bbox 888 2397 962 2456; x_wconf 76' lang='lat' dir='ltr'>carc</span> <span class='ocrx_word' id='word_1_164' title='bbox 980 2379 1193 2468; x_wconf 78' lang='grc' dir='ltr'><strong><em>μεσουρανή-</em></strong></span> 
     </span>
     <span class='ocr_line' id='line_1_21' title="bbox 131 2479 1193 2576; baseline -0.003 -21"><span class='ocrx_word' id='word_1_165' title='bbox 131 2515 198 2560; x_wconf 85' lang='grc' dir='ltr'><strong><em>σεσι</em></strong></span> <span class='ocrx_word' id='word_1_166' title='bbox 226 2491 287 2574; x_wconf 74' lang='grc' dir='ltr'>σῆς</span> <span class='ocrx_word' id='word_1_167' title='bbox 315 2483 458 2574; x_wconf 79' lang='grc' dir='ltr'><strong><em>σελήνης</em></strong></span> <span class='ocrx_word' id='word_1_168' title='bbox 480 2479 1009 2576; x_wconf 77' lang='grc' dir='ltr'><strong><em>α’μφοτέραιςσυνερχόμενον,</em></strong></span> <span class='ocrx_word' id='word_1_169' title='bbox 1023 2534 1029 2550; x_wconf 91' lang='grc'>.</span> <span class='ocrx_word' id='word_1_170' title='bbox 1042 2533 1049 2548; x_wconf 86' lang='grc'><strong>.</strong></span> <span class='ocrx_word' id='word_1_171' title='bbox 1062 2501 1140 2560; x_wconf 78' lang='grc' dir='ltr'><strong><em>ταῖς</em></strong></span> <span class='ocrx_word' id='word_1_172' title='bbox 1159 2488 1193 2552; x_wconf 83' lang='lat' dir='ltr'>dt</span> 
     </span>
     <span class='ocr_line' id='line_1_22' title="bbox 132 2587 1191 2678; baseline -0.002 -18"><span class='ocrx_word' id='word_1_173' title='bbox 132 2590 296 2674; x_wconf 73' lang='grc' dir='ltr'><strong><em>σννιίψεσι</em></strong></span> <span class='ocrx_word' id='word_1_174' title='bbox 314 2589 388 2668; x_wconf 79' lang='grc' dir='ltr'><strong><em>τοῖς</em></strong></span> <span class='ocrx_word' id='word_1_175' title='bbox 409 2590 495 2678; x_wconf 76' lang='grc' dir='ltr'><strong><em>προς</em></strong></span> <span class='ocrx_word' id='word_1_176' title='bbox 519 2589 582 2666; x_wconf 68' lang='grc' dir='ltr'>σος</span> <span class='ocrx_word' id='word_1_177' title='bbox 599 2587 770 2669; x_wconf 74' lang='grc' dir='ltr'><strong><em>α’νασολοές</em></strong></span> <span class='ocrx_word' id='word_1_178' title='bbox 782 2597 836 2660; x_wconf 78' lang='grc' dir='ltr'>καὶ</span> <span class='ocrx_word' id='word_1_179' title='bbox 855 2593 967 2668; x_wconf 74' lang='grc' dir='ltr'><strong><em>δύσεις</em></strong></span> <span class='ocrx_word' id='word_1_180' title='bbox 982 2591 1191 2678; x_wconf 80' lang='grc' dir='ltr'><strong><em>παυόμενον.</em></strong></span> 
     </span>
     <span class='ocr_line' id='line_1_23' title="bbox 131 2695 1192 2784; baseline -0.002 -20"><span class='ocrx_word' id='word_1_181' title='bbox 131 2700 185 2766; x_wconf 81' lang='lat' dir='ltr'>Sic·</span> <span class='ocrx_word' id='word_1_182' title='bbox 198 2701 283 2765; x_wconf 89' lang='lat' dir='ltr'>enim</span> <span class='ocrx_word' id='word_1_183' title='bbox 305 2699 481 2782; x_wconf 80' lang='lat' dir='ltr'>scripserat,</span> <span class='ocrx_word' id='word_1_184' title='bbox 504 2702 615 2764; x_wconf 79' lang='lat' dir='ltr'>nestum</span> <span class='ocrx_word' id='word_1_185' title='bbox 636 2700 770 2784; x_wconf 89' lang='lat' dir='ltr'>incipere</span> <span class='ocrx_word' id='word_1_186' title='bbox 789 2720 852 2766; x_wconf 83' lang='lat' dir='ltr'>une</span> <span class='ocrx_word' id='word_1_187' title='bbox 875 2719 944 2766; x_wconf 90' lang='lat' dir='ltr'>cum</span> <span class='ocrx_word' id='word_1_188' title='bbox 954 2700 1035 2762; x_wconf 81' lang='lat' dir='ltr'>lunae</span> <span class='ocrx_word' id='word_1_189' title='bbox 1044 2699 1078 2765; x_wconf 90' lang='lat' dir='ltr'>in</span> <span class='ocrx_word' id='word_1_190' title='bbox 1091 2695 1192 2762; x_wconf 87' lang='lat' dir='ltr'>medio</span> 
     </span>
     <span class='ocr_line' id='line_1_24' title="bbox 131 2796 1193 2890; baseline -0.002 -20"><span class='ocrx_word' id='word_1_191' title='bbox 131 2807 203 2871; x_wconf 82' lang='lat' dir='ltr'>coelo</span> <span class='ocrx_word' id='word_1_192' title='bbox 239 2805 509 2882; x_wconf 78' lang='lat' dir='ltr'>commoratione;,</span> <span class='ocrx_word' id='word_1_193' title='bbox 528 2806 625 2870; x_wconf 89' lang='lat' dir='ltr'>semel</span> <span class='ocrx_word' id='word_1_194' title='bbox 651 2806 764 2888; x_wconf 89' lang='lat' dir='ltr'>scripto</span> <span class='ocrx_word' id='word_1_195' title='bbox 786 2832 806 2872; x_wconf 90' lang='grc' dir='ltr'><strong><em>σ</em></strong></span> <span class='ocrx_word' id='word_1_196' title='bbox 827 2796 1193 2890; x_wconf 72' lang='grc' dir='ltr'><strong><em>(ἀμφοτέραισσναρχό-</em></strong></span> 
     </span>
     <span class='ocr_line' id='line_1_25' title="bbox 130 2907 1193 2994; baseline -0.004 -18"><span class='ocrx_word' id='word_1_197' title='bbox 130 2907 271 2994; x_wconf 79' lang='grc' dir='ltr'><strong><em>μενον),’</em></strong></span> <span class='ocrx_word' id='word_1_198' title='bbox 298 2929 369 2976; x_wconf 89' lang='lat' dir='ltr'>cum</span> <span class='ocrx_word' id='word_1_199' title='bbox 404 2911 531 2976; x_wconf 88' lang='lat' dir='ltr'>verbum</span> <span class='ocrx_word' id='word_1_200' title='bbox 564 2911 764 2994; x_wconf 79' lang='lat' dir='ltr'>deprevatum</span> <span class='ocrx_word' id='word_1_201' title='bbox 794 2913 885 2988; x_wconf 80' lang='lat' dir='ltr'>esset,</span> <span class='ocrx_word' id='word_1_202' title='bbox 918 2908 1094 2993; x_wconf 83' lang='lat' dir='ltr'>corrlgendo</span> <span class='ocrx_word' id='word_1_203' title='bbox 1131 2919 1193 2972; x_wconf 92' lang='lat' dir='ltr'>non</span> 
     </span>
     <span class='ocr_line' id='line_1_26' title="bbox 132 3007 1268 3102; baseline -0.002 -20"><span class='ocrx_word' id='word_1_204' title='bbox 132 3033 264 3082; x_wconf 85' lang='lat' dir='ltr'>consona</span> <span class='ocrx_word' id='word_1_205' title='bbox 285 3012 420 3080; x_wconf 81' lang='lat' dir='ltr'>retractu</span> <span class='ocrx_word' id='word_1_206' title='bbox 441 3017 499 3093; x_wconf 84' lang='lat' dir='ltr'>est,</span> <span class='ocrx_word' id='word_1_207' title='bbox 521 3015 576 3081; x_wconf 91' lang='lat' dir='ltr'>sed</span> <span class='ocrx_word' id='word_1_208' title='bbox 597 3015 710 3082; x_wconf 82' lang='lat' dir='ltr'>vocalis</span> <span class='ocrx_word' id='word_1_209' title='bbox 734 3018 855 3094; x_wconf 78' lang='lat' dir='ltr'>mutata</span> <span class='ocrx_word' id='word_1_210' title='bbox 871 3020 1022 3102; x_wconf 65' lang='grc' dir='ltr'><strong><em>(ἐναρμμ</em></strong></span> <span class='ocrx_word' id='word_1_211' title='bbox 1044 3015 1098 3080; x_wconf 89' lang='lat' dir='ltr'>sed</span> <span class='ocrx_word' id='word_1_212' title='bbox 1119 3007 1193 3080; x_wconf 86' lang='lat' dir='ltr'>uus·</span> <span class='ocrx_word' id='word_1_213' title='bbox 1262 3089 1268 3094; x_wconf 51' lang='grc'><strong>,</strong></span> 
     </span>
     <span class='ocr_line' id='line_1_27' title="bbox 132 3112 1194 3208; baseline 0 -25"><span class='ocrx_word' id='word_1_214' title='bbox 132 3137 220 3200; x_wconf 83' lang='lat' dir='ltr'>qnam</span> <span class='ocrx_word' id='word_1_215' title='bbox 247 3112 452 3204; x_wconf 76' lang='grc' dir='ltr'><strong><em>ἐνάρχεσθαι</em></strong></span> <span class='ocrx_word' id='word_1_216' title='bbox 481 3120 605 3186; x_wconf 83' lang='lat' dir='ltr'>dicitur</span> <span class='ocrx_word' id='word_1_217' title='bbox 619 3139 690 3184; x_wconf 91' lang='lat' dir='ltr'>cum</span> <span class='ocrx_word' id='word_1_218' title='bbox 717 3121 820 3188; x_wconf 80' lang='lat' dir='ltr'>dativo</span> <span class='ocrx_word' id='word_1_219' title='bbox 842 3122 880 3186; x_wconf 93' lang='lat' dir='ltr'>de</span> <span class='ocrx_word' id='word_1_220' title='bbox 902 3122 989 3188; x_wconf 91' lang='lat' dir='ltr'>initio</span> <span class='ocrx_word' id='word_1_221' title='bbox 1012 3123 1056 3208; x_wconf 88' lang='lat' dir='ltr'>in</span> <span class='ocrx_word' id='word_1_222' title='bbox 1071 3120 1194 3202; x_wconf 82' lang='lat' dir='ltr'>aliquod</span> 
     </span>
     <span class='ocr_line' id='line_1_28' title="bbox 131 3225 1194 3310; baseline 0.002 -22"><span class='ocrx_word' id='word_1_223' title='bbox 131 3225 249 3307; x_wconf 89' lang='lat' dir='ltr'>tempus</span> <span class='ocrx_word' id='word_1_224' title='bbox 276 3225 441 3290; x_wconf 89' lang='lat' dir='ltr'>incidente.</span> <span class='ocrx_word' id='word_1_225' title='bbox 499 3227 537 3290; x_wconf 88' lang='lat' dir='ltr'>In</span> <span class='ocrx_word' id='word_1_226' title='bbox 567 3225 645 3290; x_wconf 90' lang='lat' dir='ltr'>libro</span> <span class='ocrx_word' id='word_1_227' title='bbox 677 3227 709 3290; x_wconf 92' lang='lat' dir='ltr'>ll</span> <span class='ocrx_word' id='word_1_228' title='bbox 730 3246 759 3308; x_wconf 92' lang='lat' dir='ltr'>p.</span> <span class='ocrx_word' id='word_1_229' title='bbox 792 3229 848 3290; x_wconf 78' lang='lat'>121</span> <span class='ocrx_word' id='word_1_230' title='bbox 870 3229 1033 3310; x_wconf 84' lang='lat' dir='ltr'>postquem</span> <span class='ocrx_word' id='word_1_231' title='bbox 1057 3225 1194 3307; x_wconf 85' lang='lat' dir='ltr'>exposuit</span> 
     </span>
     <span class='ocr_line' id='line_1_29' title="bbox 133 3329 1193 3416; baseline 0 -22"><span class='ocrx_word' id='word_1_232' title='bbox 133 3329 204 3394; x_wconf 76' lang='lat' dir='ltr'>elios</span> <span class='ocrx_word' id='word_1_233' title='bbox 236 3330 370 3394; x_wconf 84' lang='lat' dir='ltr'>oliorum·</span> <span class='ocrx_word' id='word_1_234' title='bbox 393 3330 531 3400; x_wconf 85' lang='lat' dir='ltr'>locorum</span> <span class='ocrx_word' id='word_1_235' title='bbox 559 3332 591 3398; x_wconf 93' lang='lat' dir='ltr'>et</span> <span class='ocrx_word' id='word_1_236' title='bbox 616 3332 776 3416; x_wconf 83' lang='lat' dir='ltr'>regionum</span> <span class='ocrx_word' id='word_1_237' title='bbox 806 3351 873 3398; x_wconf 86' lang='lat' dir='ltr'>esse</span> <span class='ocrx_word' id='word_1_238' title='bbox 899 3332 1029 3400; x_wconf 81' lang='lat' dir='ltr'>uirtutes</span> <span class='ocrx_word' id='word_1_239' title='bbox 1057 3333 1088 3396; x_wconf 90' lang='lat' dir='ltr'>et</span> <span class='ocrx_word' id='word_1_240' title='bbox 1108 3331 1193 3409; x_wconf 81' lang='lat' dir='ltr'>vitis,</span> 
     </span>
     <span class='ocr_line' id='line_1_30' title="bbox 132 3435 1194 3518; baseline 0.001 -21"><span class='ocrx_word' id='word_1_241' title='bbox 132 3435 240 3514; x_wconf 81' lang='lat' dir='ltr'>partim</span> <span class='ocrx_word' id='word_1_242' title='bbox 262 3435 423 3514; x_wconf 77' lang='lat' dir='ltr'>carmena,</span> <span class='ocrx_word' id='word_1_243' title='bbox 446 3436 560 3518; x_wconf 81' lang='lat' dir='ltr'>partim</span> <span class='ocrx_word' id='word_1_244' title='bbox 582 3436 755 3502; x_wconf 80' lang='lat' dir='ltr'>adventicio</span> <span class='ocrx_word' id='word_1_245' title='bbox 778 3439 809 3501; x_wconf 93' lang='lat' dir='ltr'>et</span> <span class='ocrx_word' id='word_1_246' title='bbox 827 3438 990 3505; x_wconf 41' lang='lat' dir='ltr'>,hominum</span> <span class='ocrx_word' id='word_1_247' title='bbox 1013 3454 1106 3517; x_wconf 81' lang='lat' dir='ltr'>opere</span> <span class='ocrx_word' id='word_1_248' title='bbox 1120 3436 1194 3498; x_wconf 82' lang='lat' dir='ltr'>neta</span> 
     </span>
     <span class='ocr_line' id='line_1_31' title="bbox 135 3540 1194 3624; baseline 0.002 -22"><span class='ocrx_word' id='word_1_249' title='bbox 135 3545 177 3614; x_wconf 76' lang='lat' dir='ltr'>(on</span> <span class='ocrx_word' id='word_1_250' title='bbox 200 3541 435 3624; x_wconf 72' lang='grc' dir='ltr'><strong><em>κατασκευης),</em></strong></span> <span class='ocrx_word' id='word_1_251' title='bbox 459 3559 495 3606; x_wconf 93' lang='lat' dir='ltr'>ex</span> <span class='ocrx_word' id='word_1_252' title='bbox 515 3540 564 3606; x_wconf 92' lang='lat' dir='ltr'>his</span> <span class='ocrx_word' id='word_1_253' title='bbox 585 3541 719 3624; x_wconf 89' lang='lat' dir='ltr'>primum</span> <span class='ocrx_word' id='word_1_254' title='bbox 741 3541 894 3606; x_wconf 83' lang='lat' dir='ltr'>naturalia</span> <span class='ocrx_word' id='word_1_255' title='bbox 913 3541 1084 3624; x_wconf 82' lang='lat' dir='ltr'>geographo</span> <span class='ocrx_word' id='word_1_256' title='bbox 1110 3557 1194 3604; x_wconf 89' lang='lat' dir='ltr'>com-</span> 
     </span>
    </p>
   </div>
   <div class='ocr_carea' id='block_1_7' title="bbox 133 3661 328 3680">
    <p class='ocr_par' dir='ltr' id='par_1_7' title="bbox 133 3661 328 3680">
     <span class='ocr_line' id='line_1_32' title="bbox 133 3661 328 3680; baseline 0 0"><span class='ocrx_word' id='word_1_257' title='bbox 133 3661 328 3680; x_wconf 43' lang='grc' dir='ltr'>Ἣ</span> 
     </span>
    </p>
   </div>
   <div class='ocr_carea' id='block_1_8' title="bbox 155 3673 1197 4144">
    <p class='ocr_par' dir='ltr' id='par_1_8' title="bbox 155 3673 1197 4144">
     <span class='ocr_line' id='line_1_33' title="bbox 155 3673 1193 3793; baseline -0.002 -33"><span class='ocrx_word' id='word_1_258' title='bbox 155 3705 175 3774; x_wconf 81' lang='lat'>¹)</span> <span class='ocrx_word' id='word_1_259' title='bbox 201 3707 328 3761; x_wconf 81' lang='lat' dir='ltr'>Peterem</span> <span class='ocrx_word' id='word_1_260' title='bbox 341 3673 490 3793; x_wconf 80' lang='lat' dir='ltr'>illustriore</span> <span class='ocrx_word' id='word_1_261' title='bbox 502 3721 599 3775; x_wconf 88' lang='lat' dir='ltr'>ponere</span> <span class='ocrx_word' id='word_1_262' title='bbox 617 3683 738 3775; x_wconf 79' lang='lat' dir='ltr'>eiempls</span> <span class='ocrx_word' id='word_1_263' title='bbox 756 3723 788 3760; x_wconf 82' lang='lat' dir='ltr'>ex</span> <span class='ocrx_word' id='word_1_264' title='bbox 801 3707 954 3776; x_wconf 86' lang='lat' dir='ltr'>principum</span> <span class='ocrx_word' id='word_1_265' title='bbox 972 3705 1132 3774; x_wconf 86' lang='lat' dir='ltr'>scriptorum</span> <span class='ocrx_word' id='word_1_266' title='bbox 1149 3721 1193 3758; x_wconf 88' lang='lat' dir='ltr'>co-</span> 
     </span>
     <span class='ocr_line' id='line_1_34' title="bbox 199 3796 1197 3861; baseline -0.002 -9"><span class='ocrx_word' id='word_1_267' title='bbox 199 3798 304 3853; x_wconf 87' lang='lat' dir='ltr'>dicibus</span> <span class='ocrx_word' id='word_1_268' title='bbox 341 3797 428 3852; x_wconf 81' lang='lat' dir='ltr'>ersuti</span> <span class='ocrx_word' id='word_1_269' title='bbox 448 3798 499 3861; x_wconf 88' lang='lat' dir='ltr'>uis,</span> <span class='ocrx_word' id='word_1_270' title='bbox 518 3799 594 3852; x_wconf 85' lang='lat' dir='ltr'>velut</span> <span class='ocrx_word' id='word_1_271' title='bbox 612 3799 738 3853; x_wconf 83' lang='lat' dir='ltr'>Plutonis</span> <span class='ocrx_word' id='word_1_272' title='bbox 753 3815 774 3852; x_wconf 87' lang='lat' dir='ltr'>r.</span> <span class='ocrx_word' id='word_1_273' title='bbox 805 3797 899 3856; x_wconf 82' lang='lat' dir='ltr'>‚VIII</span> <span class='ocrx_word' id='word_1_274' title='bbox 937 3839 943 3853; x_wconf 92' lang='lat'><em>.</em></span> <span class='ocrx_word' id='word_1_275' title='bbox 991 3799 994 3804; x_wconf 83' lang='lat'>&#39;</span> <span class='ocrx_word' id='word_1_276' title='bbox 1023 3796 1052 3861; x_wconf 83' lang='lat' dir='ltr'>O,</span> <span class='ocrx_word' id='word_1_277' title='bbox 1090 3797 1147 3851; x_wconf 85' lang='lat' dir='ltr'>elit.</span> <span class='ocrx_word' id='word_1_278' title='bbox 1187 3827 1197 3848; x_wconf 70' lang='lat'>„</span> 
     </span>
     <span class='ocr_line' id='line_1_35' title="bbox 203 3800 1194 3964; baseline -0.002 -16"><span class='ocrx_word' id='word_1_279' title='bbox 203 3895 254 3948; x_wconf 82' lang='grc'>294</span> <span class='ocrx_word' id='word_1_280' title='bbox 280 3815 541 3958; x_wconf 57' lang='lat' dir='ltr'>npnristoishcnis,</span> <span class='ocrx_word' id='word_1_281' title='bbox 573 3907 625 3960; x_wconf 89' lang='lat' dir='ltr'>quo</span> <span class='ocrx_word' id='word_1_282' title='bbox 657 3891 727 3946; x_wconf 91' lang='lat' dir='ltr'>nihil</span> <span class='ocrx_word' id='word_1_283' title='bbox 760 3815 803 3945; x_wconf 62' lang='lat' dir='ltr'>esi</span> <span class='ocrx_word' id='word_1_284' title='bbox 821 3800 1028 3964; x_wconf 58' lang='lat' dir='ltr'>memoribiliius,</span> <span class='ocrx_word' id='word_1_285' title='bbox 1055 3813 1112 3959; x_wconf 62' lang='lat' dir='ltr'>pic.</span> <span class='ocrx_word' id='word_1_286' title='bbox 1141 3813 1194 3946; x_wconf 63' lang='lat' dir='ltr'>olio</span> 
     </span>
     <span class='ocr_line' id='line_1_36' title="bbox 204 3981 1194 4052; baseline 0 -16"><span class='ocrx_word' id='word_1_287' title='bbox 204 3982 250 4036; x_wconf 89' lang='lat' dir='ltr'>sed</span> <span class='ocrx_word' id='word_1_288' title='bbox 267 3983 398 4036; x_wconf 87' lang='lat' dir='ltr'>utendum</span> <span class='ocrx_word' id='word_1_289' title='bbox 416 3982 461 4036; x_wconf 89' lang='lat' dir='ltr'>hic</span> <span class='ocrx_word' id='word_1_290' title='bbox 478 3981 534 4036; x_wconf 84' lang='lat' dir='ltr'>fuit</span> <span class='ocrx_word' id='word_1_291' title='bbox 551 3983 600 4046; x_wconf 86' lang='lat' dir='ltr'>iis,</span> <span class='ocrx_word' id='word_1_292' title='bbox 621 3999 680 4051; x_wconf 73' lang='lat' dir='ltr'>qun</span> <span class='ocrx_word' id='word_1_293' title='bbox 698 3983 817 4040; x_wconf 78' lang='lat' dir='ltr'>breviter</span> <span class='ocrx_word' id='word_1_294' title='bbox 841 3983 970 4038; x_wconf 75' lang='lat' dir='ltr'>declsrsxi</span> <span class='ocrx_word' id='word_1_295' title='bbox 992 3986 1117 4052; x_wconf 85' lang='lat' dir='ltr'>possent;</span> <span class='ocrx_word' id='word_1_296' title='bbox 1145 3983 1194 4036; x_wconf 85' lang='lat' dir='ltr'>ille</span> 
     </span>
     <span class='ocr_line' id='line_1_37' title="bbox 204 4075 499 4144; baseline 0 -16"><span class='ocrx_word' id='word_1_297' title='bbox 204 4075 259 4130; x_wconf 89' lang='lat' dir='ltr'>suis</span> <span class='ocrx_word' id='word_1_298' title='bbox 276 4075 342 4134; x_wconf 86' lang='lat' dir='ltr'>loeis</span> <span class='ocrx_word' id='word_1_299' title='bbox 359 4078 499 4144; x_wconf 86' lang='lat' dir='ltr'>ponentur.</span> 
     </span>
    </p>
   </div>
   <div class='ocr_carea' id='block_1_9' title="bbox 0 0 1481 4660">
    <p class='ocr_par' dir='ltr' id='par_1_9' title="bbox 0 0 1481 4660">
     <span class='ocr_line' id='line_1_38' title="bbox 0 0 1481 4660; baseline 0 0"><span class='ocrx_word' id='word_1_300' title='bbox 0 0 1481 4660; x_wconf 95' lang='lat' dir='ltr'> </span> 
     </span>
    </p>
   </div>
  </div>
 </body>
</html>
