2944 4660
595 271 657 328 Lib.
674 273 698 328 1.
1101 269 1141 333 29

111 472 320 554 disputatione
344 474 471 556 egentes
492 471 708 549 tractabimus,
739 489 809 536 cunr
836 469 877 534 ed
900 469 1003 551 ipsum
1023 469 1056 534 in
1074 469 1188 535 ordine

111 578 239 642 rentum
263 577 333 654 erit,
356 577 394 641 de
415 577 497 662 legg.
518 576 579 642 XII
600 598 631 660 p.
653 577 759 640 967Α
779 593 815 640 ex
836 577 965 640 οἴονται
986 578 1095 642 natum
1116 593 1188 642 esse

113 676 183 748 οἷόν
211 709 249 747 τε
279 681 443 747 ostendum
463 683 555 764 paulo
576 684 656 766 post,
687 683 740 746 ubi
769 681 899 746 eundem
926 681 1030 746 locum
1058 683 1184 763 propter

113 786 408 854 accommodationis
423 805 558 854 errorem
572 787 830 852 commemorabo.
862 787 980 851 Littera
992 803 1054 850 una
1063 785 1188 850 mutatu

113 895 157 959 est
178 891 264 975 apud
286 891 468 958 Strabonem
490 893 535 958 VI
555 913 585 976 p.
609 894 680 970 257,
710 891 763 975 qui
791 891 829 955 de
851 891 969 974 Rhegio
997 889 1119 954 condito
1139 889 1184 955 sic

113 997 296 1081 scripserat:
328 990 371 1069 οἷς
401 991 430 1063 d'
460 991 638 1084 Ἀντίοχός
669 1023 762 1083 φησι,
795 998 985 1086 Ζαγκλαῖοι
1011 999 1186 1078 μετεπέμ-

113 1123 222 1183 ψαντο
268 1097 350 1176 τούς
391 1105 585 1176 Χαλκιδέας
634 1107 687 1170 καί
737 1099 890 1190 οἰκιστήν
929 1096 1187 1191 Ἀντίμνηστον

113 1213 325 1292 συνέστησαν
346 1210 539 1294 (dederunt)·
569 1208 852 1295 ἐκοινώνησαν
883 1209 916 1275 δὲ·
939 1208 1000 1291 τῆς
1023 1201 1183 1280 α’ποικίας

114 1317 325 1400 Μεσσηνίων
347 1309 496 1402 ηυμίδες
517 1317 584 1381 τών
607 1323 643 1381 ἐν
665 1311 936 1400 Πελοποννήσῳ.
983 1314 1122 1379 Librerio
1146 1333 1184 1380 er

112 1422 220 1505 primis
238 1421 330 1486 uerbi
351 1421 464 1486 litteris
476 1422 594 1487 obiectu
615 1424 664 1488 est
684 1424 800 1506 speeies
822 1419 1012 1506 pronominis
1035 1422 1182 1498 ἐκείνων,

111 1527 215 1610 itaque
238 1545 302 1590 une
323 1526 430 1592 littere
451 1530 572 1595 mutata
594 1527 733 1610 scripsit,
762 1530 798 1592 ut
825 1528 940 1592 editrrr:
974 1528 1183 1609 συνέστησαν

112 1635 266 1700 ἐκείνων·
291 1622 379 1716 ἦσαν
402 1631 436 1696 δὲ
457 1667 508 1710 -,
530 1632 707 1715 pronomine
724 1633 834 1698 vitioso
858 1631 1003 1724 (debebat
1028 1632 1124 1710 enim,
1147 1636 1187 1696 ut

112 1739 213 1822 aliqua
247 1739 333 1804 esset
364 1737 534 1814 sententia,
578 1755 645 1803 esse
680 1743 712 1812 ἐξ
745 1739 903 1822 ἑαυτῶν),
946 1736 1057 1802 vitiosa
1088 1739 1181 1804 edum

112 1845 249 1924 proxima
284 1841 437 1916 oratioue;
479 1861 578 1926 noque
620 1843 702 1908 enim
735 1829 884 1910 erocum*
916 1845 965 1928 est
1000 1843 1086 1908 εἶναι
1120 1845 1183 1928 τῆς

112 1941 275 2021 σ’ποικίας
296 1965 350 2030 pro
374 1950 529 2033 μετέχειν
553 1953 607 2015 out
628 1949 847 2031 uoeowoelffl).

192 2053 355 2120 Plutarchi
379 2055 563 2138 quaestiones
593 2055 765 2120 conrivales
793 2055 852 2120 etsi
876 2053 988 2120 merito
1016 2073 1035 2120 a
1061 2054 1186 2138 paucis·

113 2159 198 2225 simis
220 2159 432 2242 perlegantur,
454 2160 560 2225 tamen
581 2161 694 2226 mirere
713 2160 745 2224 in
767 2160 844 2225 libro
865 2159 1136 2243 aWyttenbaobio
1151 2163 1185 2224 et

91 2315 93 2320 .
112 2261 276 2329 Duebnero
288 2264 370 2329 edito
380 2265 446 2330 haec
456 2265 566 2330 relicta
578 2283 645 2330 esse
652 2266 689 2344 V,
696 2265 957 2348 3‚2,6(p.676E)‚
968 2265 1022 2330 ubi
1029 2265 1183 2332 inducitur
1201 2307 1205 2312 -

111 2369 214 2434 rhetor
236 2387 308 2434 cum
330 2370 410 2436 falsa
431 2370 532 2453 specie
554 2370 700 2435 doctrina
728 2371 766 2435 de
794 2371 915 2436 coronis
942 2371 975 2434 in
996 2370 1077 2434 ludis
1098 2371 1184 2434 Isth-

112 2474 182 2539 miis
204 2473 370 2554 dissonum,
394 2493 433 2540 ne
455 2475 495 2540 ad
517 2474 840 2559 Graccmmqnidem
861 2477 1022 2541 verborum
1049 2474 1182 2558 speciem

115 2579 311 2662 (κατευμαι)
334 2581 482 2668 adducta:
500 2571 558 2646 'H
568 2581 689 2655 ταῦτα,
714 2581 823 2656 εἶπεν,
846 2576 908 2646 οὐκ
921 2574 1049 2666 sorrow
1064 2603 1186 2646 κατευ-

18 2757 19 2760 ,
115 2686 177 2767 μυί
198 2711 252 2750 σοι
276 2679 341 2770 την
363 2688 480 2762 πίτυν,
504 2679 548 2760 οἷς
570 2680 631 2754 οὐκ
655 2687 859 2753 ἐπείσακτον
886 2680 965 2752 οὐδὲ
989 2690 1067 2751 νέον
1094 2680 1195 2751 α’λλιέ·

116 2784 262 2875 πάτριον
275 2793 331 2856 καί
341 2787 494 2858 παλαιόν
506 2793 541 2859 δὲ
556 2788 761 2879 στεμμάτων
771 2787 941 2877 Ἰσθμίων
953 2785 1183 2874 σεμνύνοντες

116 2899 268 2982 ἐκίνησεν
300 2891 342 2963 οὐ
371 2901 467 2971 νέους
489 2892 532 2970 τίς
556 2893 600 2964 ιίν
622 2895 835 2984 πολυμαθής
868 2888 955 2982 α’νήρ
990 2899 1043 2962 καί
1074 2899 1182 2962 πολυ-

115 2997 330 3090 γράμματος.
379 3004 519 3070 Primum
540 3023 603 3071 una
623 3007 721 3071 vocab
748 3005 869 3070 mutete
901 3009 936 3081 (ο
965 3004 998 3068 in
1026 3029 1041 3068 ε
1070 3003 1103 3067 in
1128 3002 1186 3067 illo

117 3110 307 3195 καιεομαι),
329 3108 501 3184 litterisque
522 3113 571 3175 ter
591 3111 675 3176 recte
697 3109 804 3175 divisis
825 3112 1004 3176 habebimus
1028 3109 1182 3174 hominem

117 3217 283 3282 orationem
299 3215 344 3280 sic
355 3214 484 3297 superbe
497 3207 733 3300 interrogatione
744 3217 977 3306 terminantem:
996 3207 1050 3281 Ἠ
1061 3211 1182 3289 ταῦτα,

119 3322 232 3396 εἶπεν,
262 3313 325 3387 οὐκ
347 3312 609 3406 α’νέγνοίκοτε
632 3314 755 3405 ὑμεῖς
778 3327 817 3386 οἱ
839 3317 903 3406 κήν
926 3321 1031 3388 πίτυν
1053 3317 1098 3394 τίς
1120 3313 1184 3386 οὐκ

118 3427 318 3494 ἐπείσακτον
340 3419 418 3492 οὐδὲ
440 3429 535 3500 νέον,
573 3418 658 3490 α’λλοέ
690 3419 921 3511 πάτριονικαί
958 3423 1108 3492 παλαιόν
1140 3424 1185 3510 δη

119 3531 408 3616 (describendum
431 3531 600 3614 scilieet)
623 3535 783 3616 στέμμα
806 3535 883 3599 τών
905 3527 1076 3617 Ἰσθμίων
1098 3557 1183 3616 σεμ-

118 3631 300 3716 νύνοντας
333 3636 452 3701 Deinde
470 3636 652 3703 Plutarchus
675 3640 831 3704 “effectum
865 3637 1004 3723 gloriose
1036 3637 1184 3704 orationis

119 3744 266 3809 ostendit:
309 3737 491 3826 Ἐκίνησεν
533 3733 597 3808 οὖν
630 3747 727 3817 νέους
762 3738 857 3827 (τούς
884 3747 1016 3830 νέουςί)
1055 3739 1099 3817 τίς
1138 3737 1182 3810 σίν

144 3979 167 4046 ¹)
187 3979 266 4034 Idem
285 3979 383 4033 Strabo
410 3981 423 4033 I
451 3995 477 4050 p.
497 3969 531 4036 it]
558 3997 610 4034 non
641 3981 750 4051 scripsit
777 3979 826 4036 τὸν
845 3981 1015 4050 Κιμμερικὸν
1036 3983 1183 4049 Βόσπορον

185 4071 261 4138 πρὸς
281 4073 386 4141 βορρᾶν
402 4071 449 4125 καί
469 4072 590 4141 ζοφώδη,
609 4073 655 4127 sed
674 4073 851 4145 πρόσβορρον
870 4073 916 4128 καί
934 4074 1054 4144 Copton.
