2944 4660
304 315 343 377 58
742 313 804 370 Lib.
822 315 845 369 1.

263 511 414 594 copulatis
449 511 575 585 mutati;
619 511 814 576 scribendum
846 513 958 576 saltem
992 509 1093 584 tuerat
1122 509 1238 589 atque
1264 505 1325 583 is),

262 617 392 694 deinde,
407 617 523 682 uthoe
548 615 753 694 ccndouetm,
774 617 878 700 inepte
899 615 1054 682 Gracchus
1074 613 1149 678 duos
1172 612 1323 680 Gracchos

260 741 434 807 procreasse
466 721 593 796 deleme
628 739 701 784 nam
729 721 884 787 Gracchus
919 741 955 786 er
980 719 1121 804 legitima
1151 719 1241 784 uxore
1263 719 1325 784 nisi

262 827 415 893 Gracchos
435 844 594 907 procreare
620 845 680 890 non
702 828 813 909 potest.
866 826 957 909 Apud
980 825 1112 892 eundem
1132 825 1164 890 iu
1184 826 1261 890 orat.
1285 823 1324 890 do

262 933 350 997 domo
372 933 409 994 87
430 930 470 1015 G.
493 931 612 996 Metelli
633 932 700 996 laus
722 933 773 997 ad
805 934 1079 1015 sempiternam
1106 930 1323 996 memoriam

261 1036 446 1118 temporis
469 1038 644 1103 calamitate
661 1040 828 1120 propagata
843 1038 962 1102 dicitur.
1004 1037 1120 1102 Verum
1141 1037 1208 1100 laus
1222 1053 1334 1120 nequer

262 1143 302 1208 ad
316 1143 497 1206 memoriam
511 1143 657 1224 temporis
681 1143 805 1218 (incerti
826 1145 858 1208 et
878 1143 1002 1220 infiniti)
1024 1143 1210 1225 propagatur
1224 1135 1324 1223 neque
1369 1125 1371 1132 ,

262 1247 301 1312 ad
331 1249 549 1330 sempiternam
583 1248 763 1314 memoriam
795 1249 960 1329 temporis,
990 1247 1046 1312 sed
1074 1246 1113 1310 ad
1142 1248 1240 1312 omnis
1270 1248 1326 1312 aut

260 1353 345 1437 longi
368 1352 516 1434 temporis
538 1352 729 1429 memoriam,
751 1352 973 1436 scripseratque
995 1353 1100 1418 Cicero
1121 1352 1166 1418 ad
1187 1352 1323 1434 sempi-

261 1459 368 1524 terni
394 1458 615 1522 memoriam
637 1459 840 1540 temporis,
861 1459 1004 1526 librarim
1025 1458 1211 1524 adiectivum
1232 1477 1324 1538 pror-

261 1567 323 1630 imo
346 1565 538 1630 substantivo
563 1565 701 1630 adiunxit
709 1565 743 1642 ¹).
786 1565 878 1648 Apud
901 1565 1068 1628 Varronem
1090 1564 1128 1628 de
1150 1565 1185 1632 L.
1206 1563 1241 1628 L.
1262 1563 1323 1626 VII

263 1693 292 1754 p.
316 1671 355 1734 93
382 1671 505 1752 Bipont.
535 1669 695 1734 scribitur:
732 1688 750 1733 a
783 1689 852 1752 quo
880 1669 1019 1734 Accius
1052 1669 1108 1734 ait
1139 1687 1324 1750 personas

261 1777 452 1842 dichorius
479 1775 612 1840 oribus
640 1774 835 1840 deformis
862 1775 1061 1840 miriones.
1084 1807 1093 1828 ι
1115 1775 1148 1840 Si
1176 1793 1323 1856 persoms

262 1882 404 1946 distortas
426 1881 538 1944 Accius
561 1880 761 1962 appellasset,
795 1881 850 1944 aut
870 1880 1025 1946 omisisset
1044 1879 1174 1946 oribus
1200 1879 1325 1946 defor-

260 2007 338 2051 mes
365 1989 419 2050 aut
451 1984 695 2050 coniunctionem
717 1985 949 2067 interposuisset
976 1986 1020 2062 (et
1043 1985 1147 2066 potius
1183 1986 1324 2051 distor-

260 2096 318 2156 tae
340 2091 469 2156 oribus
492 2092 529 2153 et
554 2091 741 2154 deformes
770 2090 911 2168 dixisset,
942 2091 1021 2174 quod
1042 2109 1172 2174 persona
1192 2093 1247 2156 aut
1268 2092 1327 2156 ab·

261 2197 358 2264 solute
381 2195 524 2263 deformis
546 2199 600 2260 aut
622 2200 705 2261 cento
728 2195 789 2260 oris
811 2196 917 2262 habitu
939 2197 1084 2264 dehrmie
1104 2198 1176 2278 apte
1202 2196 1327 2274 dicitur,

259 2321 320 2366 non
343 2319 393 2366 ore
416 2299 585 2376 deformis);
622 2301 677 2366 sed
707 2301 871 2384 scripserat
892 2302 1002 2368 Varro:
1036 2321 1219 2385 personas
1246 2302 1323 2368 dis-

258 2407 372 2472 tortis
395 2405 525 2470 cribns
548 2404 752 2481 deformes;
773 2407 949 2489 praecedens
971 2408 1198 2474 substantivum
1219 2405 1325 2472 adiec-

258 2513 357 2577 tivum
380 2510 438 2576 sibi
460 2509 607 2574 adiunxit.
656 2511 747 2593 Apud
768 2512 926 2578 Valerium
948 2512 1177 2590 Max.1„7n.
1198 2515 1220 2574 4
1240 2533 1324 2595 per-

258 2619 362 2682 tinax
394 2633 504 2680 casus
531 2615 766 2680 imminentis
794 2617 987 2684 violentiae
1012 2619 1152 2684 lanceam
1180 2619 1323 2700 petendae

258 2724 331 2786 fera
352 2721 452 2805 gratia
474 2720 603 2792 missam
623 2721 654 2783 in
670 2721 754 2804 Atyn
776 2721 873 2787 Oroesi
893 2723 992 2788 filium
1008 2724 1172 2790 detorsisse
1193 2724 1320 2800 diuitum

259 2828 314 2921 sed
330 2846 429 2910 neque
446 2843 545 2901 casus,
561 2825 613 2906 qui
626 2825 715 2889 unius
730 2829 877 2909 temporis
893 2831 924 2892 et
937 2830 1087 2894 momenti
1102 2831 1158 2908 est,
1180 2831 1323 2912 pertinax

258 2936 340 2997 recte
358 2931 476 2996 ‘dieitur
496 2948 593 3011 neque
615 2947 703 2996 casus
724 2931 878 2998 violentiae
903 2937 959 3002 aut
979 2935 1123 3014 violentia
1142 2936 1319 3002 imminens.
1425 3001 1429 3010 ,

257 3038 429 3120 Scripserat
447 3035 605 3099 Valerius:
627 3036 802 3116 pertinax
830 3057 939 3104 casune
962 3041 1207 3110 imminentis
1236 3042 1322 3106 vio·

255 3142 387 3212 lentia,
437 3141 497 3206 Hic
520 3138 660 3222 quidem,
697 3144 732 3206 ut
765 3142 969 3224 violentiae,
988 3141 1171 3213 scriberetur
1199 3165 1323 3212 accom-

255 3248 379 3312 modate
401 3246 441 3316 ad
461 3244 712 3323 imminentis,
745 3247 859 3311 effecit.
880 3249 974 3314 etiam
1003 3269 1112 3316 casus
1135 3269 1236 3318 errore
1263 3271 1319 3334 pro

254 3351 443 3416 nominativo
477 3353 650 3432 acceptum.
695 3350 811 3416 Seneca
840 3354 877 3418 de
908 3356 1063 3438 tranquill.
1091 3355 1187 3422 animi
1211 3358 1265 3433 ro,
1298 3360 1318 3420 2

255 3457 417 3539 scripserat
443 3457 540 3543 acute
572 3455 610 3538 de
642 3475 823 3540 magnorum
854 3459 989 3526 rherum
1023 3461 1127 3545 iniquo
1154 3463 1219 3526 sato
1247 3481 1319 3544 per-

256 3564 427 3644 emptorum
458 3561 607 3625 desiderio
639 3561 749 3625 leniter
788 3565 894 3627 tamen
926 3565 1063 3632 ferendo:
1107 3566 1201 3646 Quid
1229 3585 1319 3652 ergo

255 3665 334 3732 est?
365 3667 468 3743 Vide,
491 3667 670 3749 quomodo
690 3668 847 3750 quisquc
870 3669 1026 3736 illorum
1047 3668 1199 3750 tulerit,
1222 3675 1268 3751 et,
1285 3675 1318 3739 si

253 3769 376 3868 fortes
398 3757 563 3846 fuerunt,
594 3771 763 3866 ipsorum
790 3771 881 3838 illos
903 3777 1025 3842 animo
1048 3778 1236 3855 desidera,
1258 3779 1318 3844 hoc

253 3923 382 3936 ...k—-..⁰
412 3927 451 3934 -α

278 3994 305 4077 ¹¹)
325 4009 401 4064 Hauc
431 4009 643 4064 emendationem
670 4025 732 4066 cum
757 4010 866 4066 Halmio
893 4029 941 4082 per
967 4013 1072 4070 litteras
1095 4016 1317 4072 communicatam

323 4101 446 4155 Baiterus
465 4106 493 4156 ct
511 4102 645 4172 Kaysarus
663 4103 692 4156 in
710 4102 835 4160 eontmu
852 4109 1007 4175 posueram.
