2954 4664
295 250 353 312 124
733 249 793 328 nie.
812 250 834 303 1.

250 447 434 524 testimoniis
463 451 495 528 et
520 449 763 524 testimoniorum
791 447 929 530 vestigiis
943 447 1074 524 ‘nixam
1096 445 1314 528 addamusque,

250 555 327 620 utin
340 555 500 638 quaerendo
511 573 581 618 vero
592 554 672 620 liber
683 553 785 618 animo
797 571 903 618 oursus
914 553 947 618 in
958 571 1062 618 omnes
1074 550 1313 636 partespevmit·

251 659 364 724 tendus
377 662 432 734 est,
456 659 500 724 sio
521 659 601 738 inter
621 659 759 724 veritatis
780 659 912 722 inventae
934 661 1021 724 notas
1043 657 1120 736 es'se,
1145 657 1172 722 si
1194 655 1315 720 animus

249 764 282 828 in
294 784 354 830 uno
366 764 468 850 aliquo
479 764 524 828 ita
538 766 637 830 sertus
649 765 806 838 consistat,
818 765 853 826 ut
864 763 941 826 nihil
952 765 1099 850 praetereo
1110 781 1165 827 neo
1176 761 1317 848 anquirat

253 888 311 934 neo
333 869 479 952 accipiam
510 889 582 934 nam
608 871 660 953 qui
682 871 763 936 inter
790 869 893 950 plures
921 866 1093 952 corrigendi
1120 869 1185 934 vias
1207 860 1317 932 ino'erti

250 976 376 1052 harant,
398 973 461 1038 lore
484 995 502 1038 a
524 994 603 1040 vera·
617 975 807 1057 aliquantum
831 975 952 1040 absunt.
994 974 1075 1040 Boni
1095 975 1199 1040 autem
1217 972 1317 1038 oritioi

250 1083 298 1146 est
319 1081 351 1144 et
371 1079 421 1146 via
442 1098 479 1144 ae
500 1080 618 1146 ratione
639 1079 863 1164 progredientis
891 1082 922 1144 et
943 1081 1043 1145 artem
1064 1079 1206 1146 habentis
1228 1079 1316 1156 seire,

249 1204 404 1270 quousque
425 1179 618 1267 processerit,
651 1187 683 1250 et
703 1205 772 1250 oum
795 1185 834 1249 ad
854 1203 962 1250 verum
983 1185 1165 1267 pervenerit,
1187 1183 1317 1248 firmiter

248 1291 281 1356 id
302 1293 406 1356 tenere
428 1291 608 1374 abiectaque
628 1291 766 1356 instabili
787 1291 957 1372 suspicione
970 1292 1016 1356 et
1033 1289 1228 1366 dubitatione,
1250 1289 1317 1354 looo

249 1402 356 1468 senato
378 1401 425 1464 uti
456 1399 488 1464 et
514 1397 583 1460 frui.
605 1396 765 1478 lmperiti
793 1397 940 1472 homiues,
971 1396 1023 1478 qui
1049 1413 1146 1477 neque
1168 1395 1207 1460 ad
1228 1413 1317 1476 repe-

247 1507 355 1574 rienda
378 1505 443 1588 ‚ipsi
469 1520 542 1568 vera
572 1502 695 1584 ingenio
726 1503 830 1568 valent
851 1521 948 1585 neque
976 1501 1016 1566 ad
1043 1501 1174 1592 inventa
1194 1501 1317 1566 intelle·

251 1612 353 1698 genda
375 1609 489 1676 iudioio
512 1610 544 1674 et
565 1607 704 1686 scientia,
724 1600 808 1672 inani
829 1609 962 1691 quadam
985 1607 1163 1672 velitatione
1183 1606 1214 1670 in
1230 1605 1317 1682 loeis,

252 1737 328 1801 quos
356 1716 454 1782 semel
483 1716 636 1797 corruptor
666 1731 733 1778 esse
762 1713 919 1794 deoretum
942 1713 1129 1792 est„ludunt
1149 1730 1205 1776 neo
1226 1711 1316 1784 huius

255 1823 346 1888 lusus
372 1839 515 1902 eampum
552 1819 611 1884 sibi
640 1819 730 1884 oertis
762 1818 1024 1885 emendationibus
1052 1817 1128 1900 eripi
1148 1816 1318 1899 patiuntur,

249 1927 446 2008 maximeque
473 1924 679 2001 reluetantur,
707 1923 760 1990 ubi
787 1943 917 2020 magnas
938 1925 1045 1990 turbas
1066 1926 1097 1990 et
1118 1927 1185 2005 ouae
1203 1921 1320 2010 ‘multos

248 2033 407 2109 vexarint,
426 2030 514 2114 dacili
535 2024 672 2094 remedio
694 2029 726 2094 et
753 2029 816 2094 leni
830 2048 958 2112 prorsus
981 2029 1082 2094 sedavi
1111 2028 1320 2094 confitendum

252 2142 300 2206 est
322 2138 421 2220 (velut
441 2137 472 2200 in
483 2135 622 2200 Platonis
633 2155 657 2198 r.
670 2153 700 2215 p.
712 2134 782 2216 Xp.
796 2133 855 2198 608
867 2133 907 2210 A,
928 2135 961 2200 in
980 2133 1103 2200 Horatii
1114 2135 1173 2200 sat.
1183 2133 1320 2222 laesae

255 2247 288 2310 et
309 2242 391 2308 hand
411 2239 516 2324 pauois
538 2259 574 2304 ex
594 2239 633 2325 iia
654 2239 746 2318 loeis,
775 2257 848 2322 quos
878 2240 1083 2324 superioribus
1110 2231 1232 2323 paginis
1254 2239 1320 2322 ipse

256 2348 438 2427 emendavi).
476 2338 526 2434 'Ea
542 2331 617 2410 'vero
638 2345 687 2408 est
707 2333 816 2428 prater
835 2346 952 2412 ceteras
972 2345 1118 2428 palmaris
1139 2346 1322 2430 appellando

255 2453 441 2530 emendatio,
488 2470 554 2534 qua
603 2469 665 2514 una
720 2449 873 2530 duabusve
927 2442 1040 2520 litteris
1096 2451 1223 2519 mutatis
1267 2453 1322 2544 aut

256 2559 448 2641 transpositis
462 2577 574 2624 novum
594 2555 753 2622 sententia
766 2557 881 2634 lumen,
890 2605 893 2614 .
903 2575 1011 2622 novam
1026 2557 1174 2624 orationis
1187 2558 1322 2622 formem

255 2667 369 2748 prolert
391 2666 422 2729 et
446 2683 482 2728 ox
500 2645 660 2728 dissolutis
690 2663 722 2726 et
741 2663 928 2742 perturbatis
960 2664 1033 2752 apta
1054 2661 1086 2728 e't
1107 2663 1193 2728 reeta
1214 2661 1319 2729 efficit.

256 2757 343 2838 erlis
365 2771 468 2836 autem
489 2769 521 2834 in
543 2769 601 2832 hoo
621 2785 733 2851 genere
757 2767 889 2832 maxime
911 2768 993 2834 esta
1014 2766 1097 2834 sanis
1120 2767 1321 2858 abstinereot

254 2877 385 2960 aliorum
407 2857 594 2956 proterviam
616 2890 739 2950 arcere,
761 2891 839 2954 vera¹
853 2873 964 2938 menda
985 2874 1069 2938 oerta
1089 2872 1208 2940 ratione
1232 2893 1320 2942 ooar·

255 2997 358 3064 gnere,
380 2980 459 3047 bona
476 2979 593 3062 ingenii
616 2978 748 3044 :inventa
768 2978 896 3060 probare
928 2980 960 3044 et
986 2997 1042 3050 sua
1063 2979 1136 3044 sede
1160 2979 1319 3046 oollooare.

256 3083 334 3152 llam
376 3085 492 3162 artem¹
517 3085 579 3148 etsi
613 3101 672 3148 non
707 3085 868 3166 praeceptis
904 3085 1151 3168 eomprohonsom
1194 3085 1321 3166 quidam

256 3187 543 3277 naturaliquadam
566 3189 727 3272 prudentia
747 3190 918 3267 tenuerunt,
947 3191 1033 3255 velut
1052 3189 1222 3256 Richardus
1244 3177 1321 3254 Por·

258 3282 369 3374 sonus(
382 3297 440 3362 etsi
463 3295 493 3360 in
516 3285 575 3360 uno
596 3295 659 3362 fero
681 3295 856 3362 Graeoornm
872 3297 1069 3378 ,soriptomm
1096 3313 1209 3380 genere
1232 3295 1321 3378 inge-

257 3403 342 3468 nium
364 3383 508 3478 ererouit,
535 3400 598 3477 alii,
623 3401 675 3483 qui
695 3401 801 3485 magni
824 3401 920 3466 critici
941 3391 1046 3466 haberi
1068 3401 1177 3478 solent,
1199 3401 1254 3466 aut
1284 3418 1321 3490 ex

258 3507 360 3590 aliqua
380 3508 467 3588 parte
488 3526 570 3588 saepe
599 3526 667 3574 eam
694 3507 860 3584 violarunt,
888 3509 924 3571 ut
950 3507 1110 3592 Bentleius
1139 3505 1171 3572 in
1200 3506 1321 3572 mendis

258 3611 422 3696 arguendis
445 3613 699 3695 etinsuspi'eione
723 3612 914 3688 continenda,
936 3615 989 3686 aut
1010 3631 1132 3696 prorsus
1153 3631 1190 3676 ea
1210 3631 1321 3676 oame-

257 3719 343 3793 runt,
381 3717 416 3780 ut
448 3716 500 3782 G.‘
520 3719 732 3798 Hermannus,
774 3718 827 3800 qui
866 3737 925 3784 non
958 3718 1126 3782 maximum
1157 3737 1321 3802 numerum

258 3823 408 3888 bonamm
449 3823 695 3914 emendationum
733 3824 834 3888 obruit
870 3822 1097 3902 innumerabili¹
1118 3822 1255 3888 inanium
1290 3825 1322 3894 el

257 3913 570 4010 levium'opiniinum
593 3929 774 4018 festinanter
802 3928 953 3996 iaetavum
974 3923 1184 4006 multitudide,
1215 3917 1320 3994 nimus
