2994 4672
643 273 702 328 Lib.
721 275 773 328 ΙΙΙ.
844 277 850 282 “
1142 273 1204 337 435

177 476 287 554 verbo,
310 484 369 556 quo
389 471 551 556 Euripides
573 473 605 549 ip
627 472 700 536 lonc
722 471 848 554 passive·
867 491 941 537 usus
961 475 1017 537 e'et.
1063 461 1151 539 Silia
1171 475 1245 542 ferri

177 580 296 663 nequit,
318 577 385 664 γῆν
407 563 630 666 σίσῳιισμὲνῃ
650 579 705 642 aut
726 578 828 642 simile
847 578 915 643 suit.
923 577 948 658 ¹)
1054 594 1057 602 ·

256 709 261 736 ,·
279 685 347 752 loo„
368 703 399 766 p.
413 685 475 747 615
491 683 530 748 O:
554 685 622 748 ταῖν
644 683 677 748 tl
701 676 812 755 εὐθύς
833 683 1105 770 γινομένανκαὶ
1127 679 1245 774 ὀλίγον

179 787 305 877 χρόνον
326 781 497 876 βιούντων
518 793 595 872 πέρι
621 785 707 854 dato
734 789 857 876 ἔλεγεν
889 786 951 858 σσίι
984 787 1059 868 ἄξια
1088 784 1243 878 μνήμης.

178 896 257 962 Non
271 897 311 962 de
330 897 446 962 statim
458 895 553 970 uatis,
585 894 639 960 sed
666 895 704 959 de
731 897 837 960 statim
866 899 936 978 post
955 897 1076 963 natales
1098 899 1245 1014 mortuis.

180 997 292 1074 odada
315 995 655 1086 αἰσογενσμὲνων.
746 1008 753 1018 ’
811 1039 813 1050 ·
897 1041 903 1058 .

280 1107 347 1180 Ibd
370 1107 475 1190 p.615
490 1105 526 1170 D
548 1106 696 1170 edebatur
716 1107 807 1171 olim:
831 1099 891 1192 οὐχ
913 1103 987 1192 ἥκει
1011 1157 1019 1172 .
1043 1154 1051 1169 .
1075 1155 1083 1172 .
1107 1102 1245 1176 06666

179 1211 257 1299 ἥξοι
281 1213 392 1298 decipe,
415 1211 535 1291 soloecc,
557 1211 699 1295 quoniam
715 1211 854 1276 futurum
873 1213 1001 1296 optativi
1024 1232 1096 1278 cum
1117 1212 1161 1279 ἄν
1182 1235 1242 1280 uon

180 1321 392 1404 coniungitur,
427 1317 527 1382 editur
553 1333 634 1380 nuuc
661 1335 677 1380 e
708 1316 878 1382 codicibus:
913 1310 987 1383 οὐθ’
1015 1312 1061 1384 ιῖν
1086 1315 1157 1403 ἥξει
1184 1339 1244 1386 non

179 1427 284 1494 miuus
312 1426 420 1491 soloeoe
452 1425 484 1488 ct
511 1421 553 1506 (si
581 1421 641 1486 hoc
664 1421 734 1486 alio-
753 1426 933 1506 argumento
953 1407 1161 1494 adiuvandum
1183 1429 1243 1505 est)

179 1533 283 1616 inepte
314 1532 346 1596 in
375 1530 432 1594 hac
464 1529 548 1643 certa
580 1529 612 1592 et
637 1527 771 1610 simplici
791 1527 1005 1595 affirmatione
1060 1529 1141 1596 Son:
1174 1525 1248 1598 οὐδ’

182 1631 235 1705 αὖ
235 1634 337 1732 ἧξιι.
1110 1658 1113 1668 ‘

282 1741 349 1808 lod
383 1761 412 1823 p
437 1739 497 1801 619
526 1739 569 1802 B:
607 1730 766 1812 ειπόντσς
800 1739 834 1804 δὲ
866 1741 975 1804 ταῦτα
1008 1735 1070 1806 Ιτόν
1106 1742 1243 1826 πρῶτον

182 1842 363 1934 λαχόντα
352 1855 415 1931 ἐφη
441 1838 551 1916 odada
573 1837 714 1910 ἐπιόντα
749 1871 814 1930 την
853 1869 1020 1932 μινιστην
1058 1847 1244 1932 τνραννιιλα

182 1955 320 2019 ἑλέσθαι
343 1951 398 2016 καὶ
420 1943 711 2036 dot-depactam
725 1977 762 2016 τι
778 1952 833 2018 aul
849 1947 1113 2040 λαιμαργίας
1071 1978 1113 2020 oo
1128 1947 1245 2032 πάντα
1313 1937 1320 1964 “

184 2059 306 2130 ἱκανῶς
338 2047 626 2140 ἀνασκεψάμενον
662 2059 823 2133 ἑλέσθαι,
858 2050 933 2123 αλλ’
972 2051 1080 2125 αὐτὸν
1121 2063 1247 2128 λαθεῖν

184 2148 331 2230 ἐνοῦσαν
354 2165 566 2247 εἱμαρμένην
588 2185 617 2226 ιι.
641 2185 670 2226 τ.
692 2163 720 2226 λ.
774 2162 967 2230 Incredibilis
999 2165 1065 2232 haeo
1098 2169 1147 2232 est
1178 2168 1247 2232 bal-

181 2271 300 2337 buties:
323 2273 460 2335 ἑλέσθαι
483 2271 537 2334 uel
561 2313 621 2332 ...
645 2261 716 2334 06.
733 2263 1073 2354 ..σῖνασιισψάμενσν
1094 2275 1243 2338 ἑλέσθαι

181 2375 255 2445 Sine
277 2376 368 2442 dubio
388 2375 525 2441 tollenda
546 2375 600 2438 aut
621 2374 757 2439 ἑλέσθαι
792 2378 847 2442 aul
880 2378 935 2441 aut
966 2378 1022 2442 cul
1050 2378 1081 2442 et
1108 2377 1242 2480 alterum
1301 2373 1305 2378 ’

183 2485 332 2552 ἑλιᾛσθαι

623 2593 812 2615 ......-....

284 2659 447 2768 Timacum,
477 2709 569 2774 quem
591 2710 628 2755 eu
653 2691 734 2756 veris
755 2691 895 2757 Platonis
917 2693 1046 2775 dialogis
1067 2692 1130 2756 iere
1154 2693 1247 2758 mini-

182 2817 270 2863 mum
293 2793 329 2862 eir
354 2797 545 2881 philosophia
572 2796 685 2861 habere
710 2797 796 2878 puto,
823 2796 885 2880 legi
913 2797 1030 2880 aliquot
1056 2798 1145 2890 aunis
1175 2799 1248 2862 ante
1300 2793 1303 2812 ¹

183 2923 211 2970 a.
226 2903 306 2966 1848
329 2904 361 2968 et
381 2905 449 2967 tum
470 2901 612 2986 quaedam
633 2901 673 2966 ad
695 2901 920 2970 enarrationem
942 2903 1095 2980 annotavi,
1117 2903 1246 2969 miratus

183 3008 440 3085 Stallbaumium,
470 3009 523 3072 nbi
548 3007 748 3102 manifestum
770 3007 837 3070 erat
857 2991 935 3072 nihil
956 3026 1027 3072 eum
1047 3007 1246 3103 intellexisse,

184 3114 469 3200 superbiloquentia
496 3113 630 3197 quadam
663 3133 696 3178 se
731 3111 959 3196 expedientem
992 3113 1033 3177 cd
1062 3115 1247 3196 scripturam

183 3219 396 3305 corrigendam
427 3203 581 3303 perp6uca
615 3221 772 3300 etparva,
802 3219 881 3282 fere·
897 3219 937 3283 ad
967 3215 1248 3302 interpunctionem

184 3325 330 3395 orationis
356 3324 550 3408 pertinentia.
599 3324 666 3389 Nec
689 3316 803 3406 postea
830 3324 917 3408 copia
946 3324 1005 3388 fuit
1033 3327 1088 3390 aut
1106 3320 1247 3389 'Martiuii

184 3505 384 3516 *uun-u·—

212 3616 235 3688 1)
252 3607 285 3673 Ρ.
304 3620 357 3674 613
374 3605 397 3668 Β
417 3611 474 3668 ιιι
493 3615 547 3666 ιιι
566 3610 640 3666 και
659 3615 688 3668 ιι
708 3612 766 3670 aaa
790 3616 845 3668 aaa
870 3609 928 3668 aaa
951 3613 1022 3668 male
1045 3613 1078 3666 ee
1096 3613 1250 3691 carceribus

255 3712 284 3764 ct
301 3709 373 3763 meta
391 3706 602 3781 intelleguntu53
627 3722 690 3758 uam
712 3721 798 3774 neque
819 3706 869 3760 hoc
890 3706 968 3760 verba
986 3705 1143 3774 significant
1161 3708 1189 3760 et
1207 3706 1247 3762 sic

255 3805 363 3857 tantum
393 3801 504 3854 eventus
525 3796 700 3862 declaratur,
727 3814 783 3851 non
802 3813 833 3852 aa
855 3798 985 3867 qualitas,
1015 3815 1046 3852 ex
1063 3783 1117 3867 qua
1136 3800 1248 3854 eventus

256 3894 385 3963 sequitur.
413 3875 473 3957 ¹(lui
489 3883 519 3945 εὖ
537 3881 658 3944 θέουσιν
674 3888 730 3945 α’πὸ
748 3893 803 3943 τῶν
821 3885 888 3957 ἄνω,
909 3889 967 3946 ἀπὸ
988 3888 1018 3945 δὲ
1036 3895 1090 3945 τῶν
1108 3890 1184 3944 κάτω
1202 3887 1249 3960 μή,

253 3989 329 4049 sunt,
353 3985 400 4056 qni
418 3982 545 4038 inferiore
570 3983 687 4052 corporis
709 3984 785 4051 parte
804 3981 948 4050 (cruribus)
964 3981 1057 4037 valent
1081 3981 1116 4037 ad
1139 3999 1249 4037 curren·

229 4099 231 4107 ⁴
257 4077 329 4143 dum,
349 4076 483 4146 superiore
501 4074 697 4145 (pulmonibus)
715 4073 891 4130 nouvalent.
979 4123 988 4138 ,

1006 4168 1053 4219 28*
