2944 4660
614 279 675 334 Irib.
694 280 717 334 1.
1113 278 1154 342 45

129 476 221 541 siluit
277 477 372 560 Apud
402 478 560 544 Valerium
590 477 762 542 Maximum
798 479 911 556 1V‚4,
944 481 980 540 11
1005 477 1051 542 sio
1070 478 1200 542 interro·

128 583 233 664 gutur:
259 581 361 666 Quid
384 601 475 666 ergo
498 580 696 646 modioam‘
712 563 917 648 tartunam
938 583 1050 667 quasi
1071 583 1199 664 praeoi-

128 706 244 767 punm
260 688 418 770 generis
441 685 600 756 humani
621 685 763 750 malum
785 687 1200 754 diurnisoonrioiisla·

128 810 311 869 seramus,
326 811 408 875 quae
420 795 502 858 oet?
519 791 661 860 Ridicule
676 795 823 875 pernotus
836 793 973 860 connais
991 796 1103 878 etquae
1115 792 1200 868 omni

127 899 270 978 tempore
280 898 453 975 audiantur,
463 897 743 974 diuruadiouutur,
752 899 789 966 ut
797 899 964 981 diligenter
980 882 1046 964 nox'
1056 899 1200 966 exoluta-

127 1003 184 1066 tur.
233 1003 464 1070 Rectumesset
485 1001 743 1084 quotidianis.
791 1003 968 1087 Namquod
988 1005 1060 1068 inde
1082 1004 1199 1071 aLivio
1262 997 1264 1003 ’

128 1109 220 1172 otiam
251 1113 321 1192 irnae
350 1109 390 1172 ad
418 1107 554 1191 singulos
584 1107 650 1174 dies
674 1109 830 1195 portinent
848 1105 884 1173 'et
903 1110 994 1174 arrius
1022 1109 1083 1173 diei
1111 1109 1198 1174 nten-

127 1231 231 1278 suram
264 1213 395 1291 habent,
426 1213 565 1278 diurna
592 1213 735 1278 dieantur
756 1213 806 1296 (ut
827 1215 956 1290 nibus,
990 1214 1072 1296 apud
1096 1214 1198 1297 ipsum

127 1317 288 1382 Valerium
312 1319 367 1397 Vl,
397 1319 427 1396 9,
449 1319 468 1381 8
491 1319 864 1404 diurnaeeapturae),
896 1337 987 1384 nemo
1015 1320 1119 1384 tanim
1144 1337 1198 1402 pro

127 1422 324 1504 quotidiano,
360 1421 394 1485 id
415 1422 481 1499 ost,
513 1423 593 1504 qnod
613 1424 698 1488 nullo
718 1436 780 1490 non
802 1425 850 1490 die
872 1425 937 1502 fiat,
957 1425 991 1490 id
1011 1425 1198 1492 adientirum

127 1527 239 1609 posuit.
257 1549 264 1554 “
283 1528 423 1609 Apparet
443 1528 602 1614 Valerium
624 1530 784 1611 scripsisse
806 1528 958 1594 diurnis
980 1531 1095 1612 atque
1113 1549 1197 1598 noe-

121 1633 275 1718 ,turnis,
304 1631 466 1698 librarium
488 1635 626 1716 aprione
646 1635 755 1700 urnis
777 1633 974 1698 transiluisse
995 1635 1035 1700 ad
1056 1636 1196 1702 alterum.

128 1738 337 1818 Quintilianus
366 1739 438 1816 VII,
468 1726 503 1816 7',
542 1739 577 1816 9,
607 1741 760 1824 proposito
781 1739 1012 1804 declamationis
1032 1741 1197 1808 artificiose

128 1865 201 1914 sane
230 1845 412 1928 extogitatae
444 1847 596 1929 exemplo,
628 1847 749 1930 inqua
780 1843 943 1910 libertinus
965 1844 1056 1910 homo
1078 1848 1111 1912 et
1131 1847 1198 1914 eius

127 1952 224 2029 filius,
245 1951 300 2033 qui
321 1970 340 2014 a
361 1951 518 2016 eommuni
537 1955 666 2034 patrono
686 1951 775 2016 heres
796 1949 959 2018 insulatus
980 1950 1078 2031 ipsius
1099 1955 1197 2034 patris

127 2061 277 2138 patronus
303 2055 404 2122 faetus
432 2059 494 2134 est,
525 2057 558 2121 in
585 2058 685 2122 ricem
713 2073 825 2122 manns
854 2053 1051 2122 iniectionem
1077 2060 1197 2138 petunt,

129 2162 207 2227 alter
227 2161 339 2244 patris,
372 2161 451 2226 alter
472 2162 595 2244 patroni
617 2162 693 2239 iure,
714 2159 834 2236 deinde,
856 2160 1010 2227 euiusrei
1030 2180 1124 2230 taurea
1144 2183 1197 2230 ex-

128 2269 264 2352 emplum
280 2267 401 2349 ¹posuit,
423 2251 620 2334 demonstrat
635 2267 759 2350 utrique
778 2266 928 2351 litigatori
939 2265 1060 2334 deiure
1074 2271 1196 2336 contro-

24 2427 25 2436 ,
125 2373 260 2438 rusiam
287 2391 365 2438 esse.
422 2372 484 2438 Sed
503 2373 594 2438 huius
617 2371 900 2450 demonstrationis,
932 2373 1014 2455 quod
1032 2375 1197 2459 utrumque

125 2479 302 2543 membrum
324 2477 466 2543 similitor
486 2477 670 2559 insipiebat,
705 2475 1137 2560 pnus'rnsmorumnreidtt,
1161 2487 1214 2550 nt·

125 2603 235 2648 manea
264 2584 307 2648 sit
338 2602 436 2666 neque
468 2583 592 2648 montio
628 2582 811 2662 Quintiliani
825 2583 1035 2665 respondeat.
1087 2589 1119 2653 Is
1151 2589 1195 2654 sio

124 2689 284 2772 posuerat:
321 2688 365 2754 llt
387 2688 483 2774 pater
504 2691 523 2732 *
545 2691 564 2735 *
590 2690 627 2754 et
644 2689 830 2770 patronus
852 2690 973 2771 negat
992 2691 1195 2774 iuspatris

124 2796 186 2860 illi
207 2795 354 2872 fnisse,
383 2795 474 2877 unia
495 2793 582 2876 ipse
600 2795 763 2860 inmanu
778 2798 935 2879 patroni
952 2797 1082 2872 fuerit.
1121 2797 1194 2879 Ipsa

124 2900 235 2976 rerba,
256 2898 366 2980 quibus
388 2897 597 2978 Quintilianus
618 2898 657 2964 de
678 2901 766 2981 patre
789 2921 863 2968 usus
886 2906 972 2982 erat,
1002 2901 1077 2986 fingi
1097 2901 1194 2984 pluri·

124 3006 179 3070 bus
207 3005 310 3070 modis
335 3005 480 3086 possunt;
514 3005 571 3070 sed
590 3003 697 3070 formae
719 3006 777 3070 loni
797 3007 831 3070 id
849 3027 972 3092 ,quoqne
992 3005 1193 3096 manifestum

124 3111 291 3194 vestigium
320 3112 476 3191 superest,
510 3109 843 3193 quodantiquissimus
863 3113 955 3178 codex
976 3111 1151 3177 [turicensis
1174 3131 1193 3176 a

123 3217 223 3298 prima
244 3235 340 3280 mauu
360 3215 470 3284 habuit
491 3216 529 3280 et
549 3217 679 3296 putem
708 3217 812 3301 itaque
832 3220 976 3286 librarius
997 3219 1047 3283 his
1068 3215 1192 3299 seriptis

123 3321 225 3387 media
244 3323 338 3402 atque
357 3321 396 3386 at
415 3320 608 3401 patronus
628 3321 1010 3410 omiserattransierutquo
1022 3323 1062 3389 ad
1074 3323 1191 3406 negat

123 3425 196 3502 ins3
231 3427 431 3492 comantem
452 3426 697 3510 intellegeretur,
719 3431 822 3509 rerba,
844 3449 911 3514 quae
932 3431 1136 3514 superessent,
1157 3429 1212 3494 in,

123 3533 242 3612 patrem
264 3548 325 3596 non
347 3531 517 3608 convenire,
544 3532 722 3616 corrigendo
744 3533 862 3600 fantum
884 3537 1189 3617 estetpatronus.
1273 3520 1275 3524 ’

123 3635 302 3701 Necessario
343 3638 375 3702 et
407 3635 447 3702 ad
482 3636 587 3702 mendi
607 3637 800 3704 intellectum
832 3642 867 3704 et
895 3641 935 3706 ad
966 3640 1190 3706 emendationis

125 3743 384 3808 confirmationem
415 3761 498 3806 oum.
517 3743 577 3808 hoo
598 3743 666 3808 loeo
689 3744 917 3828 coniungendas
938 3747 986 3810 est
1007 3745 1086 3810 alter
1108 3745 1189 3810 eius-

126 3847 192 3913 dem
214 3848 372 3931 seriptoris
393 3847 426 3910 in
445 3849 523 3914 libro
544 3847 583 3927 V,
596 3851 645 3928 10,
668 3850 718 3928 56,
740 3850 794 3914 ubi
817 3850 1077 3932 quodseutentiae
1098 3849 1188 3914 huius

126 3954 339 4019 mnfirmnndae
364 3971 474 4018 eausa:
524 3952 649 4020 Genus
681 3955 989 4037 adprobandum
1017 3949 1208 4038 speeiem

124 4060 321 4130 minimum
343 4060 464 4137 ualet,
486 4060 696 4142 plurimum
717 4061 765 4126 ad
785 4061 1189 4126 refellendumrlterum
