3000 4668
628 302 687 357 Lib.
705 301 757 358 ΙΙΙ.
1123 303 1185 368 305

161 499 307 576 lacerant,
331 501 466 572 arcuisse
496 501 570 582 puto
600 500 641 586 et,
674 500 701 564 si
722 500 778 564 hoc
800 502 975 568 Herodotus
997 502 1143 580 dixisset,
1167 522 1236 586 non,
1279 531 1282 536 ·

162 607 228 671 καὶ
251 599 317 670 ουίι
340 599 592 691 α’ξιαττηγήτων,
616 603 671 670 sed
699 598 773 670 αλλ’
804 601 867 674 οὐκ
890 610 944 673 aut
964 607 1109 675 similiter
1122 609 1226 690 ‘scrip'-

160 713 264 778 turum
282 712 385 776 fuisse.
429 711 534 776 Nunc*
549 709 688 791 suspicor
709 729 780 776 eum
803 713 941 779 dedisse:
969 707 1157 798 Ἀθηναῖοι
1191 715 1226 780 δέ

162 841 266 902 σφεας
294 818 349 882 ἐπὶ
385 821 513 902 ῥητοῖσι
543 817 696 891 ἐδέξαντο
730 821 839 902 σφέων
866 813 981 884 αὐτῶν
1002 819 1090 885 εἶναι
1126 822 1226 884 πολι-

160 915 255 1006 ήτας,
271 917 321 988 ὀὐ
335 922 472 987 πολλῶν
487 945 574 987 τισιν
589 927 657 1003 (pro
673 924 811 988 πολλῶν
832 930 929 1002 τισιν)
954 926 1008 992 καὶ
1025 919 1087 992 οὐκ
1102 917 1225 1000 α’ξιαττ-

159 1021 293 1116 ηοήταν
320 1022 539 1104 ἐπιτάξαντες
566 1035 740 1122 ἔργεσθαι.
785 1029 892 1112 Ipsnm
904 1029 1045 1096 additum
1064 1033 1150 1096 τέων
1165 1018 1225 1104 hoc

68 1175 69 1180 κ
159 1135 333 1199 confirmat:
357 1134 538 1218 quibusdam
559 1153 620 1196 non
641 1133 685 1194 ita
708 1132 820 1198 multia.

258 1239 294 1313 V,
340 1240 394 1302 69:
431 1240 507 1305 δέκα
548 1265 588 1303 τι·
627 1235 668 1324 δή
713 1235 905 1326 φυλάρχους
942 1234 1020 1308 α’ντὶ
1060 1247 1225 1330 τεσσέρων

159 1333 312 1437 ir‘ror'rpce²
348 1345 424 1410 δέκα
458 1345 493 1410 δέ
525 1346 581 1410 καὶ
614 1339 696 1417 τούς
730 1337 862 1429 δήμους
894 1351 1069 1429 κατένειμε
1097 1354 1131 1422 ἐς
1162 1344 1224 1422 cde

159 1445 278 1536 peleto.
322 1451 462 1516 Breviter
483 1449 584 1516 dicam
614 1449 743 1516 deloco
772 1470 897 1528 eorurn,¹
920 1435 987 1536 qui*
1002 1452 1039 1518 de
1067 1455 1224 1537 republica

157 1557 397 1623 Atheniensium
421 1556 625 1640 scripserunt,
649 1555 904 1640 disputationibus
936 1558 1095 1626 celebrato.
1140 1559 1223 1625 Nam

158 1681 257 1755 nequo
287 1663 365 1728 δέκα
393 1661 438 1727 sic
465 1661 600 1742 positum
635 1661 678 1726 ad
698 1656 761 1734 τοὶς
784 1655 905 1744 poids
931 1661 1040 1728 referri
1072 1666 1222 1730 sermonis

157 1770 206 1834 lex
226 1769 343 1850 patitur
363 1786 461 1851 neque
483 1766 560 1832 δέκα
589 1785 643 1850 pro
671 1761 737 1833 α’νιί
769 1768 847 1833 δέκα
875 1770 930 1832 aut
958 1763 1042 1834 cnud
1071 1769 1150 1834 δέκα
1172 1789 1223 1836 ac·

158 1875 229 1958 cipi,
250 1877 286 1940 nt
306 1873 385 1938 nihil
408 1891 483 1956 opus
510 1872 552 1936 sit
579 1875 762 1955 argumento
785 1893 820 1938 cx
846 1874 976 1946 historia
1002 1874 1108 1952 ducto,
1141 1875 1223 1958 quod

157 1999 256 2064 neque
278 1981 402 2054 centum
422 1979 485 2043 illae
507 1977 598 2043 euriae
620 1997 718 2061 neque
741 1980 867 2062 aequalis
893 1978 926 2042 in
942 1980 1041 2045 tribus
1059 1980 1222 2064 descriptio

157 2087 297 2152 aliunde
318 2085 525 2150 confirmatur.
581 2082 694 2148 Omnes
727 2085 825 2150 turbae
864 2103 900 2150 ex
938 2085 1091 2150 scribendi
1123 2104 1222 2150 errore

156 2196 237 2256 natae
272 2192 358 2266 sunt;
392 2207 465 2254 narn
496 2205 588 2254 voces
621 2189 698 2254 δέκα
727 2190 763 2256 δέ
769 2209 810 2255 ἀ
842 2189 1050 2274 superioribus
1082 2193 1221 2274 repetitae

153 2299 240 2372 sunt4
284 2297 394 2382 quibus
445 2293 557 2360 deletis
600 2295 796 2378 relinquitur,
841 2294 922 2378 qnod
964 2294 1081 2380 nullum
1126 2297 1222 2368 habet

152 2403 380 2468 difficultatem:
424 2399 501 2466 δέκα
540 2425 576 2464 τε
618 2398 660 2484 δή
711 2393 902 2486 φυλάρχους
939 2394 1017 2466 α’ντὶ
1055 2404 1226 2488 τεσσέρων,

153 2508 290 2591 ἐποίησε
328 2507 383 2570 καὶ
419 2500 501 2578 τούς
534 2498 666 2588 δήμους
706 2498 902 2590 accerseres
926 2512 959 2577 ές
997 2503 1059 2580 τας
1098 2505 1219 2593 φυλάς.

51 2683 60 2711 ,
152 2613 305 2678 Primum
333 2613 402 2676 tuin
444 2613 606 2694 utramque
649 2611 755 2696 populi
799 2610 980 2676 diuisionem
1022 2612 1217 2678 coniunctum

151 2715 329 2782 Herodotus
352 2719 466 2782 narrat.
508 2753 512 2762 ·
824 2735 827 2744 ¹

251 2823 289 2899 V,
318 2823 358 2884 85
379 2820 615 2914 perversissima
642 2823 691 2885 est
721 2820 867 2886 narrandi
888 2821 997 2896 forma,
1017 2823 1127 2914 rnissos
1150 2843 1217 2890 esse

152 2946 227 3006 oos‚.
249 2928 302 3010 qni
329 2927 418 2992 missi
445 2925 547 2990 conati
574 2925 651 3004 sint,
681 2941 756 2990 cum
785 2927 842 2991 hoc
870 2925 1071 3010 significetur,
1105 2930 1233 3021 missos

151 3053 218 3100 esse
240 3034 369 3116 aliquos·
383 3050 493 3116 eosque
516 3033 641 3096 conatos
664 3050 739 3098 esse.
789 3031 830 3095 llt
858 3049 896 3096 na
920 3031 964 3114 de
989 3033 1102 3097 mendo
1129 3017 1231 3098 dubi(

149 3143 271 3216 ternus,
304 3157 358 3221 pro
393 3139 583 3220 ἐτειρέοντο
618 3137 738 3202 codices
771 3138 887 3202 habent
919 3139 1052 3224 πειρᾶν.
1108 3141 1217 3222 Itaque

149 3245 385 3309 fundamentum
414 3243 614 3308 correctionis
642 3244 793 3308 habemus
818 3237 993 3316 τούτους.
1020 3293 1026 3307 .
1052 3291 1059 3303 .
1083 3245 1215 3328 πειρᾶν,

150 3350 230 3433 quod
268 3351 370 3433 ipsurn
402 3351 488 3414 recta
523 3347 708 3413 narrationis
740 3350 914 3432 progressio
956 3350 1109 3432 postulat;
1145 3353 1216 3416 ante

150 3455 265 3520 excidit
286 3473 343 3520 vor
365 3473 411 3532 ea,
432 3454 513 3520 unde
535 3454 608 3518 olirn
628 3453 785 3534 pendebat
810 3455 972 3538 genetivus
999 3455 1066 3520 τῶν
1092 3449 1215 3536 dorcic,

149 3562 213 3626 sive
234 3562 266 3625 id
288 3554 385 3633 τινας
405 3561 465 3625 fuit
486 3561 551 3625 sive
573 3557 675 3641 potius
697 3560 863 3632 numerale,
891 3561 972 3642 quod
993 3563 1095 3643 potest
1121 3562 1216 3628 etiarn

148 3667 180 3732 in
201 3665 266 3754 μιῇ
290 3669 406 3740 latero;
428 3663 680 3746 Herodotumque
706 3665 836 3747 apparet
863 3665 920 3729 hnc
950 3667 1095 3730 orationis
1116 3667 1215 3731 forma

149 3775 323 3856 scripsisse:
365 3772 513 3858 Λέγουσι
550 3765 638 3853 preco?
666 3768 732 3853 τήν
760 3763 945 3855 α’παέτησιν
977 3765 1213 3855 α’τιοσταλῇναι

148 3873 284 3964 τριήρεϊ
300 3875 364 3968 μιῇ
387 3879 454 3942 τών
479 3877 591 3940 doech)
602 3867 698 3947 τινοῖς
715 3876 781 3954 (aut
796 3869 931 3961 τριήρεϊ
947 3903 975 3962 μ
991 3877 1059 3942 τῶν
1071 3868 1211 3954 adordiri·

147 3978 291 4058 τούτους
323 3982 390 4050 οἷα
419 3975 884 4067 οἷτιοττκμφθένταςοῖπό
920 3985 982 4050 τοὺ
1015 3984 1132 4048 κοινοῦ
1159 3985 1212 4049 καὶ

148 4081 434 4176 ἀπικομένους
472 4094 505 4162 ές
541 4087 691 4172 Αἰγίναν
723 4081 767 4151 τα“
807 4083 989 4175 α’γυὶλματα
1024 4089 1130 4154 ταῦτα
1169 4083 1213 4160 ὥς

196 4199 306 4232 mositii!
318 4199 396 4230 ΛΜΗ.
408 4197 457 4229 (nir.
980 4205 1012 4246 20
