2944 4660
579 307 639 362 Lib.
658 309 680 362 L
1078 310 1116 372 59

101 508 156 583 est,
198 507 343 572 desidere
363 505 434 570 illos
463 507 534 571 forti
555 507 609 571 ilio
636 507 758 585 auimo,
792 525 881 590 quem
910 507 970 590 ipsi
998 513 1166 592 gesserunt

101 611 450 702 (ipsorumeuimo),
480 629 563 694 aeque
587 611 718 676 fortiter.
762 611 892 691 (Consul.
923 612 1086 697 sod-Polyb.
1111 614 1160 692 14,

100 717 128 777 4:
152 735 290 800 mugno
321 717 480 780 fratrem
510 715 925 796 desideravit‘unimo.)
968 719 1071 801 Atque
1095 719 1165 784 baec

102 820 217 901 quidem
247 840 308 884 non
342 821 535 898 coniectura,
566 821 620 886 sed
646 823 832 904 optimorum
858 823 995 888 codicum
1023 825 1160 888 omnium

103 927 142 1004 (B,
159 927 198 1004 G,
209 928 251 1003 A,
265 927 415 1010 Bongers'.
433 927 514 1008 apud
535 926 723 1002 Fickertum)
746 921 897 1010 scripture
920 929 981 1005 est3
1005 931 1164 994 ettamen

103 1032 204 1109 editur,
228 1032 309 1114 quod
330 1031 361 1096 in
378 1031 578 1095 deterioribus
593 1027 850 1097 accommodeido
872 1033 911 1098 sd
933 1033 1024 1099 illos
1046 1037 1163 1099 factum

105 1141 159 1212 est:
188 1137 359 1219 ipsorum
380 1136 474 1200 illos
496 1136 639 1201 suimus
663 1135 853 1215 desidero,
884 1139 968 1203 nullu
989 1139 1163 1214 sententia;

104 1262 193 1325 neque
215 1242 310 1319 enim,
332 1242 404 1324 qnid
427 1241 660 1324 desiderandum
682 1241 737 1318 sit,
759 1241 815 1306 sed
836 1243 999 1325 quomodo,
1022 1243 1165 1328 egiturb.

105 1345 334 1411 Substantivum
357 1347 598 1430 precedentibus
622 1347 823 1412 substantivis
851 1367 910 1412 non
937 1351 1019 1412 recte
1041 1367 1166 1412 uooom-

106 1452 257 1516 nodutum
291 1455 353 1528 est,
391 1453 537 1533 tunquam
573 1451 753 1534 simpliciter
785 1453 828 1517 eis
865 1455 1039 1536 copulatum
1071 1457 1162 1528 esset,

107 1557 179 1638 opud
201 1557 351 1621 Senecam
374 1557 463 1638 epist.
489 1556 544 1632 90,
577 1557 632 1633 26,
665 1557 717 1640 qui
737 1557 915 1640 scripserat:
947 1557 977 1622 N
984 1579 1028 1625 on
1061 1579 1163 1624 arms

29 1707 30 1710 η
106 1681 166 1724 nec
185 1681 313 1726 muros
335 1681 403 1724 nec
424 1661 526 1726 bello
549 1662 664 1726 utilis
686 1662 843 1728 molitur
864 1665 1051 1744 (sapientior
1080 1665 1164 1746 paci

108 1766 203 1831 favet
236 1769 273 1832 et
302 1786 422 1850 genus
454 1767 656 1830 humanum
691 1767 734 1830 sd
768 1769 1010 1850 concordiem
1044 1771 1164 1834 vocet.

108 1871 229 1954 Pmpter
251 1892 353 1936 arms
374 1875 405 1936 et
426 1891 553 1936 muros
579 1872 693 1954 scripto
717 1873 810 1936 etiem
833 1873 950 1950 bellu,
979 1879 1010 1940 et
1031 1875 1165 1958 alioquin

110 1979 244 2066 cretionis
277 1979 377 2042 forme
406 1977 530 2044 turbate
559 1977 607 2042 est
637 1981 688 2054 (—
710 1996 901 2054 nemsuum
931 1981 1060 2044 verbum
1081 1981 1168 2063 prior

110 2101 174 2162 pers
193 2083 365 2147 necessario
392 2081 503 2146 babere
529 2081 623 2146 debet
643 2090 702 2172 -)·
719 2084 750 2148 et
778 2102 920 2164 perverse
947 2085 978 2150 in
1007 2086 1063 2150 bac
1091 2086 1164 2150 belii

112 2191 140 2251 et
156 2188 237 2270 pacis
261 2187 486 2268 comparatione
510 2185 626 2252 nudum
648 2187 725 2252 illud
746 2189 861 2254 utilia
882 2189 1097 2272 interponitur.

202 2294 278 2358 Haeu
303 2295 376 2358 sunt
398 2293 540 2374 quinque,
559 2293 595 2356 ut
613 2291 684 2370 diri,
706 2313 829 2360 summe
843 2313 956 2378 genere
976 2315 1091 2371 eorum,
1114 2295 1166 2377 qui

112 2401 223 2480 proprie
257 2397 411 2464 scribendi
447 2416 563 2468 errores
596 2399 744 2482 appellari
768 2401 916 2480 possunt,
949 2420 985 2464 ex
1014 2401 1109 2466 oeulis
1138 2405 1171 2464 et

113 2503 205 2569 admo
247 2503 355 2568 scribes
375 2525 377 2537 ·
394 2497 454 2568 nou'
493 2503 569 2569 sutis
612 2503 730 2568 uttente
772 2504 928 2586 proposita
964 2505 1096 2588 legentis
1137 2507 1168 2570 et

112 2604 261 2687 memorie,
296 2609 369 2674 dum
397 2609 512 2685 scribit,
552 2608 700 2672 semunt'u
732 2608 910 2690 pendentes,
947 2609 999 2691 qui
1033 2611 1168 2690 primum

115 2731 198 2793 quum
219 2714 303 2779 uarie
327 2713 409 2778 iuter
431 2734 464 2778 se
488 2713 706 2795 complicentur
735 2715 767 2776 et
790 2713 1024 2798 coniunguntur,
1057 2716 1105 2778 vir
1134 2718 1168 2778 ut

113 2815 251 2902 distingui
271 2813 402 2902 possint,
423 2817 543 2906 intem
565 2818 671 2882 multis
694 2837 729 2882 ex
750 2817 789 2882 iis
811 2819 992 2902 scriptorum
1011 2819 1169 2901 exemplis,

113 3031 302 3044 Q*—

138 3160 159 3226 ¹)
175 3163 260 3233 Prope
290 3161 449 3218 incredibile
478 3167 519 3217 est
547 3161 576 3216 iu
605 3161 723 3218 eiusdem
751 3161 838 3216 libelli
864 3179 884 3216 c.
911 3165 943 3226 2,
975 3165 1010 3220 10
1038 3157 1170 3218 Hessinm

177 3256 348 3320 (Fickertum
377 3256 448 3309 enim
479 3255 556 3309 nullo
584 3271 691 3324 prorsus
720 3256 778 3310 loeo
807 3262 929 3318 numero)
960 3254 1168 3324 descriptionem

176 3349 299 3402 mentis
317 3348 468 3410 incerte,
493 3365 588 3416 quem
606 3363 682 3417 spes
698 3347 865 3402 inchoate
884 3345 1010 3403 hubent
1028 3363 1168 3415 suspeu-

178 3457 254 3506 sam,
283 3439 471 3508 deplorate
494 3440 656 3505 tristem,¹
674 3441 703 3494 iu
728 3455 781 3510 que
802 3439 941 3508 aptissime
963 3439 1044 3492 verbe
1062 3441 1169 3508 proprie

177 3532 246 3586 inter
268 3547 296 3585 se
315 3531 467 3586 referuntur
491 3535 581 3600 (spes
604 3531 772 3586 inchoetis
796 3535 823 3586 et
847 3517 1049 3600 deploretre,¹
1077 3548 1168 3586 meus
1191 3587 1195 3592 ,

178 3639 339 3692 suspense
363 3627 391 3677 et
407 3620 551 3693 tristis),
571 3624 719 3694 corrupisse
737 3623 872 3678 codicibus
890 3625 1035 3694 parentem,
1060 3611 1096 3677 in
1108 3626 1167 3694 qui·

178 3713 226 3768 bus
245 3715 429 3784 deplorato
447 3717 520 3770 iuter
537 3716 606 3770 duos
626 3715 790 3770 umbraticos
812 3713 1005 3769 adiectivorum
1023 3715 1169 3784 singularis

180 3807 280 3860 numeri
298 3807 488 3878 interpositum
504 3809 534 3861 in
558 3807 668 3861 eundem
692 3807 805 3862 formem
829 3805 946 3859 transiit
993 3804 1064 3870 Quid
1081 3807 1169 3860 uoluit

182 3911 235 3950 esse
252 3897 374 3954 bebere
391 3903 505 3966 (tenere)
525 3903 668 3952 mentem
686 3898 911 3969 deplorationi?
944 3897 1011 3966 Spes
1029 3897 1168 3951 inchoatus

183 3989 311 4056 quomodo
328 3991 433 4046 tristem
451 3991 548 4046 bebere
573 3993 691 4044 ruentem
714 3990 840 4060 putarit?
875 3989 1017 4044 Rationem
1036 3989 1171 4120 captivum

183 4080 254 4134 sub
247 4097 341 4150 rugum
358 4083 477 4138 ecdicum
495 4082 579 4140 misit
