3014 4666
321 299 382 364 206

364 499 453 568 .1b‹1.·
469 497 547 575 824,
575 499 636 564 825
671 499 812 568 Minerva
841 501 1044 582 Eumenides,
1076 523 1110 572 se
1144 505 1342 573 inhonoratas

278 623 346 674 osee
369 605 401 670 et
423 603 579 671 contemni
600 607 771 694 querentes,
794 605 838 672 sic
859 606 1041 691 alloquitur:

415 703 493 778 Ode.
512 703 579 776 ἔστ’
600 707 730 796 ἄτιμοι,
752 705 835 796 μηδ’
856 706 1070 800 ῶττερθῶμῶς
1086 713 1183 812 ,ἄγον

361 859 364 866 ι
395 816 495 884 ’θεολ
516 816 652 904 βροτῶν
672 810 819 902 στήσητε
841 810 1012 905 δῶστηλον
1033 816 1156 909 χθόνα.

377 919 543 994 Manifestc
562 925 737 1007 corruptum
761 927 809 990 ost
829 917 951 1012 χθόνα.
996 927 1342 997 Βοσοοοοοοιτῖᾱολοε

279 1017 447 1111 δύσκηλον
467 1025 608 1116 χόλονε
636 1045 714 1096 neve
731 1029 825 1095 nimis
844 1031 1040 1098 vehementer
1055 1037 1254 1121 conceperitis
1276 1038 1341 1104 deae

277 1133 453 1223 mortalium
473 1135 703 1219 implacabilem
724 1137 818 1212 mem,
850 1137 884 1202 id
911 1140 976 1213 est,
1009 1140 1108 1224 qualis
1135 1141 1168 1207 iu
1200 1146 1341 1212 mortali·

276 1241 334 1306 bus
357 1258 425 1306 csse
448 1241 534 1307 solet.

376 1346 444 1414 lbd.
467 1347 529 1410 913
553 1366 619 1430 sqq.
643 1345 687 1426 (in
708 1347 857 1412 Minervae
879 1347 1042 1428 cretione):

738 1453 816 1518 Τῶν
837 1444 1032 1538 α’ρεεφάτων
1054 1449 1084 1522 δ’
1105 1453 1169 1545 tyci

321 1641 322 1644 Ἴ
411 1556 572 1642 πρεπτῶν
593 1549 736 1642 α’γῶνων
759 1551 821 1625 ode
843 1553 1004 1646 α’νὲξομαι
1027 1555 1065 1628 τῶ
1086 1559 1139 1650 μή
1163 1558 1206 1632 οὐ
1314 1587 1315 1590 ’

409 1653 505 1747 τήνδ’
525 1655 709 1730 οἷστῶνικον
731 1669 768 1730 ἐν
788 1667 926 1750 βροτοῖς
947 1667 1053 1752 τιμῶν
1075 1665 1187 1738 πόλιν.
1229 1713 1232 1724 ι

376 1767 521 1834 Genetivi
554 1769 633 1834 ratio
666 1769 755 1834 reddi
786 1771 903 1836 mireo
929 1773 1080 1856 scripture
1106 1778 1214 1862 nequit
1239 1772 1339 1863 neque

276 1873 426 1940 usitatum
449 1868 513 1940 oriri
533 1867 694 1960 σῖνέξομαι
716 1869 755 1941 ud
777 1871 828 1961 μή
851 1869 903 1943 οῶ.
936 1877 1135 1947 Scribendum
1160 1877 1222 1950 οὐκ
1245 1877 1339 1968 α’φέ·

277 1987 414 2064 ropac,
447 1999 546 2064 equo
567 1981 613 2046 ite
633 1981 748 2066 pendet
775 1983 949 2066 genetivus,
983 1987 1018 2050 ut
1043 2005 1167 2069 prorsus
1195 1992 1339 2057 consueto

275 2104 359 2152 more
380 2086 603 2170 superaddetur
629 2081 668 2154 nd
697 2081 748 2172 μη
771 2083 813 2154 οὐ
835 2089 953 2174 τιμᾶν.
988 2090 1090 2176 (Sput.
1113 2094 1212 2162 Graec.
1236 2095 1254 2180 ἕ
1277 2095 1339 2160 156

275 2193 339 2258 not.
359 2193 390 2266 4,
410 2191 646 2284 Bemerkuugen
666 2213 697 2277 p.
721 2193 785 2273 61.)

370 2297 419 2373 (In
439 2297 577 2382 AEsohyli
598 2297 758 2384 Phrygum
778 2319 804 2366 s.
819 2295 989 2386 Ἕκτορος
1011 2295 1143 2387 λύτρων
1163 2303 1339 2390 fragmento

274 2422 304 2468 n.
328 2403 388 2472 257
412 2403 505 2471 Dind.
529 2404 576 2469 cd.
598 2405 626 2470 V
656 2405 866 2472 scribendum:
909 2409 980 2474 Καὶ
1003 2401 1284 2486 retrocedendo
1307 2413 1338 2476 εἰ

275 2511 391 2581 θέλεις
421 2501 611 2595 εὐεργετεῖν
650 2515 654 2588 Ι
693 2505 823 2597 prove
863 2527 1081 2600 κακουργεῖν,
1130 2509 1339 2600 οἷμφιδεξίως

276 2621 353 2701 ἔχει,
378 2615 435 2680 καὶ
459 2608 547 2701 μήτε
574 2617 705 2702 χαίρειν
734 2608 823 2702 μήτε
845 2621 1031 2686 λυπεῖσθαι
1058 2613 1218 2706 βροτούς.
1277 2620 1338 2686 Sed

274 2741 328 2806 prc
340 2719 666 2807 Ιβροτούς,ηερελεεοε
687 2716 781 2808 πάρα
804 2726 858 2788 eut
879 2725 980 2790 simile
996 2725 1118 2809 *aliquid
1138 2725 1337 2810 ponendum.)

355 2826 538 2914 sophoclis
559 2828 717 2912 tragoedico
738 2829 822 2894 idem
847 2849 929 2895 nunc
955 2826 1078 2896 hubent·
1098 2831 1200 2896 textus
1223 2831 1337 2898 cousti-

272 2937 378 3003 tueudi
399 2935 649 3020 fundamentum,
685 2933 765 3017 quod
785 2935 937 3020 AEsohpli,
973 2935 1028 3001 sed
1055 2953 1127 3000 cum
1155 2939 1187 3002 ct
1211 2935 1244 3001 iu
1270 2937 1337 3002 tote

274 3039 420 3105 orationis
441 3039 541 3105 forme
562 3040 594 3104 ct
613 3039 645 3103 in
667 3039 857 3124 siugnrlorum
878 3041 1041 3106 verborum
1052 3061 1111 3106 usu
1124 3041 1227 3108 miuus
1242 3042 1337 3108 hebe-

273 3146 343 3210 rent
364 3145 484 3210 duritiae
505 3147 537 3210 ct
557 3145 736 3230 insqlontIae,
760 3147 792 3210 ct
813 3130 985 3212 e'libreriis
1007 3147 1109 3212 miuus
1127 3147 1209 3212 mele
1222 3147 1336 3214 habitae

273 3253 345 3316 eunt
367 3253 399 3316 et
420 3250 508 3316 nobis
530 3250 687 3332 eliquanto
709 3251 872 3318 certiorem
893 3251 969 3315 dent
997 3251 1037 3316 od
1063 3251 1178 3319 menda
1198 3253 1337 3319 tollenda

273 3355 402 3433 aditum,
416 3373 476 3420 non
486 3355 592 3420 temen
604 3355 640 3420 ut
653 3355 744 3422 valde
757 3357 845 3423 uobis
856 3357 1006 3442 gratulari
1020 3358 1053 3422 et
1064 3357 1216 3424 confidere
1229 3358 1334 3426 licent.

374 3461 463 3526 Aiec.
480 3460 698 3544 53··nunquem
711 3462 891 3547 intellegere
910 3462 1009 3544 potui,
1032 3449 1182 3546 quomode
1195 3459 1337 3530 minens

273 3585 306 3632 so
340 3559 530 3650 δνοφόρονς
557 3559 610 3631 ἐπ’
642 3563 777 3652 ὄμμασι
809 3560 947 3654 γνῶμας
981 3571 1104 3652 βαλεῖν
1131 3568 1228 3645 (licat3
1261 3587 1336 3634 nam

269 3673 415 3758 γνῶμαι,
438 3691 505 3756 quae
526 3689 565 3736 ne
587 3659 749 3756 δῶσφορσι
772 3674 895 3758 quidem
910 3675 983 3756 epte
1004 3673 1160 3758 dicmur„
1177 3675 1216 3740 eb
1239 3673 1336 3740 oculis

272 3778 468 3846 alienissimos
491 3779 570 3842 suut.
620 3777 700 3844 Puto
722 3779 913 3862 Sophoclem,
937 3779 1236 3868 serpeteooulorum
1257 3779 1336 3846 eciei

271 3885 457 3968 perturbatae
480 3885 511 3948 et
533 3883 702 3949 obscuratae
722 3885 870 3970 imagine,
890 3873 1063 3968 scripsisse:

403 3980 493 4075 'Eyw'
519 3979 577 4074 σφ’
594 3982 742 4076 σῖπὲργω,
766 3985 956 4076 δσσφόρονς
978 3982 1030 4055 ἐπ’
1052 3985 1186 4075 ὄμμασι

404 4087 539 4179 λήμας
561 4096 731 4182 βαλοῦσα,
753 4097 814 4183 τῆς
836 4089 1023 4183 α’νηνέστον
1047 4094 1162 4182 χαρᾶς.
1227 4101 1228 4108 ’
