2944 4660
587 281 755 334 Prooeminm.
1151 281 1169 344 5

141 475 192 537 aut
214 475 380 556 superioris
404 475 459 537 aut
479 473 569 537 huius
590 475 737 554 temporis
752 473 919 556 philologo;
943 475 1036 540 habet
1057 478 1137 542 enim
1152 481 1209 545 hoo

139 581 280 646 veritatis
292 581 556 645 confirmationem
568 581 669 643 minus
681 579 855 644 exercitatis
867 579 985 657 utilem,
998 582 1117 665 siquid,
1131 588 1210 668 qnod

140 705 196 750 non
211 687 378 769 uuicuique
393 687 501 751 statim
516 688 664 760 occurrat,
687 703 706 748 a
720 684 858 766 pluribus
872 685 1031 750 inuentum
1047 690 1104 753 est.
1148 689 1209 756 Sed

139 811 260 875 perraro
292 793 351 856 hoc
377 791 506 867 laciam3
539 809 612 855 nam
647 792 674 854 si
706 790 827 873 longius
859 791 1053 873 progrediar,
1082 795 1123 858 sit
1152 798 1207 864 hoc

138 900 239 980 ipsum
253 917 349 982 prope
363 897 529 961 infinitum.
568 897 655 960 Nihil
670 897 753 958 enim
764 895 841 958 mihi
855 898 966 977 saepius
975 897 1096 974 accidit,
1115 921 1206 983 quam

138 1007 188 1083 ut,
212 1005 295 1088 quod
317 1005 400 1086 ipse,
423 1021 492 1067 cum
514 1003 653 1083 exemplo
675 1001 831 1082 scriptoris
853 1003 981 1066 alieuius
997 1005 1101 1070 uterer
1122 1010 1206 1074 nullo

138 1111 289 1194 apparatu
316 1109 421 1174 critico
445 1110 498 1172 aut
520 1109 627 1190 exiguo
648 1107 806 1182 instructo,
830 1107 1070 1189 excogitassem,
1099 1111 1131 1173 id
1152 1113 1206 1175 aut

137 1218 167 1281 in
190 1217 347 1282 codicibus
370 1215 519 1297 scriptum
539 1233 606 1277 esse
628 1217 682 1278 aut
710 1215 749 1278 ab
777 1213 837 1276 alio
867 1231 934 1277 esse
962 1212 1135 1279 coniectura
1156 1237 1205 1282 re-

137 1327 258 1406 pertum
282 1324 388 1404 postea
416 1321 593 1398 riderem¹).
638 1321 740 1401 Atque
769 1319 801 1382 id
828 1319 906 1382 alius
933 1320 977 1382 rei
1004 1341 1096 1388 causa
1121 1346 1204 1393 eom.

26 1493 27 1498 ,
137 1448 285 1493 memoro.
339 1427 423 1492 Nam
445 1445 568 1508 operam
591 1425 677 1502 dabo,
701 1445 739 1490 ne
761 1423 835 1507 quid
856 1423 942 1500 mihi,
967 1428 1045 1508 quod
1068 1429 1201 1498 alienum

137 1535 193 1611 sit,
225 1553 384 1617 arrogem3
413 1531 466 1596 sed
496 1533 547 1614 qui
574 1549 700 1614 possum
734 1532 765 1596 in
798 1531 846 1594 tot
880 1533 1006 1613 tamque
1040 1534 1202 1604 disiunctis
1244 1591 1246 1596 ,

135 1642 295 1722 utriusque
316 1641 429 1724 linguae
454 1639 668 1721 scriptoribus,
690 1637 721 1700 in
743 1637 832 1704 tanta
853 1639 1099 1706 emendationum
1117 1647 1202 1727 eopia

133 1747 351 1828 perlustranda
373 1747 405 1809 et
427 1745 609 1828 digerenda,
637 1743 812 1826 perficiendi
839 1745 1009 1826 praesertim
1038 1744 1201 1825 aliquando

133 1853 223 1916 huius
246 1853 346 1934 operis
369 1851 401 1914 et
421 1850 484 1914 mei
507 1869 542 1913 er
557 1851 614 1913 hae
630 1849 759 1913 materia
774 1849 920 1931 eripiendi
943 1851 1069 1934 cupidus
1082 1856 1114 1918 et
1134 1855 1201 1920 ideo

132 1957 295 2033 festinans
330 1958 380 2040 qui
407 1975 550 2037 possum,
572 1956 723 2036 inquam,
752 1955 888 2033 efficere,
916 1958 997 2040 quod
1024 1977 1062 2020 ne
1084 1959 1116 2021 in
1138 1981 1199 2026 uno

133 2065 257 2146 quidem
281 2063 446 2146 scriptore,
473 2081 563 2144 quern
586 2061 654 2142 quis
677 2061 735 2124 sibi
755 2063 951 2126 tractandum
980 2066 1147 2146 sumpserit
1169 2069 1200 2131 et

132 2169 170 2232 ad
193 2188 287 2250 quem
309 2187 365 2250 per
391 2169 561 2250 complures
589 2187 684 2231 annos
714 2169 817 2233 omnia
843 2170 1045 2253 undecunque
1072 2193 1199 2257 conges-

130 2275 221 2352 serit,
250 2275 341 2356 plane
377 2273 497 2338 efficere
532 2273 642 2354 possit,
677 2274 754 2338 nihil
781 2278 817 2340 ut
844 2295 893 2340 me
930 2279 985 2341 aut
1013 2297 1072 2342 nou
1100 2281 1198 2345 multu

127 2467 329 2474 --.-——.-—

154 2593 175 2662 ¹)
195 2595 322 2664 Exempli
341 2611 420 2650 causa
438 2611 521 2650 unum
540 2613 646 2664 porrum.
669 2599 702 2652 A.
722 2601 803 2661 1843,
828 2617 887 2654 eum
910 2601 1062 2671 fragmenta
1078 2605 1196 2674 tragico-

195 2703 258 2741 rum
288 2687 441 2743 Gracorum
468 2705 649 2758 percurrerem
675 2693 817 2760 utererque
843 2694 900 2748 sola
922 2694 1055 2748 Diudorfii
1079 2695 1195 2750 editione

196 2780 287 2848 prima
310 2784 451 2849 poetarum
480 2783 658 2845 scenicorum,
691 2785 893 2840 emendaremur
924 2787 1057 2854 quadam,
1082 2790 1196 2844 maxime

195 2872 346 2942 Euripidis.
385 2873 424 2928 Ea
448 2891 510 2928 cum
534 2877 627 2942 postea
655 2875 785 2930 adhibitis
811 2877 874 2930 aliis
898 2879 976 2934 libris
996 2881 1216 2950 perlustrarem·

194 2967 241 3028 ut,
261 2967 394 3036 numquid
412 2967 532 3022 editione
551 2966 667 3035 dignum
684 2972 767 3032 esset,
788 2969 919 3033 riderem,
939 2973 1055 3040 repperi,
1080 2975 1152 3042 quod
1166 2976 1194 3028 iu

194 3057 344 3112 Alexandri
362 3059 459 3128 fragm.
480 3062 495 3113 7
514 3059 683 3113 scribendum
702 3065 860 3114 annotarem
880 3069 949 3129 (τοῖς
968 3072 1039 3119 σοῖσι
1057 3071 1159 3140 νικᾷς),
1179 3085 1195 3121 a

193 3150 351 3219 Musgravio
369 3155 545 3220 preceptum,
564 3151 638 3214 item,
658 3170 715 3224 quae
740 3155 768 3206 in
787 3155 912 3228 Archelai
930 3155 1023 3224 fragm.
1045 3163 1078 3214 13
1097 3167 1193 3227 (στρα-

192 3245 286 3315 τηγῷ),
306 3244 334 3297 iu
353 3243 500 3299 Erechthei
522 3241 617 3314 fragm.
642 3249 676 3300 12
698 3249 760 3310 (τοῦ
784 3249 937 3318 βλέποντος
959 3250 996 3319 μὴ
1021 3255 1137 3315 καλῶς),
1164 3249 1194 3306 in

192 3334 365 3389 Cretensium
388 3336 485 3406 fragm.
508 3341 525 3392 2
553 3337 621 3399 (del.
651 3345 703 3392 παῖ
725 3343 774 3408 τῆς
805 3344 935 3408 Τυρίας),
968 3343 996 3396 iu
1025 3343 1192 3399 Sthenoboea

190 3428 290 3496 fragm.
309 3431 324 3484 9
345 3429 505 3495 (eitherium),
525 3431 553 3484 in
573 3429 646 3500 sylei
663 3429 760 3500 fragm.
779 3436 796 3488 3
815 3427 839 3488 ’1.
860 3437 878 3489 4
895 3435 1065 3505 (δεσπότης),
1084 3438 1113 3490 in
1128 3438 1191 3491 Alc·

189 3521 302 3575 maeonis
321 3521 417 3591 fragm.
442 3528 459 3580 3
478 3521 570 3588 (παῖδ’
587 3519 621 3591 ἢν
641 3525 695 3594 δῷς
714 3523 795 3592 ἐμοί),
814 3526 848 3580 ab
870 3527 962 3582 ecdem
974 3530 1137 3599 Musgrario,
1157 3531 1192 3584 H·

190 3613 300 3677 cretio,
321 3614 466 3680 dalmacio,
487 3616 598 3678 Bothio‚
618 3616 690 3686 quod
714 3620 805 3672 eutem
823 3619 852 3672 in
871 3619 1023 3692 Belleroph.
1042 3621 1138 3692 fragm.
1157 3629 1192 3682 20

190 3723 217 3759 r.
230 3710 247 3760 2
258 3708 311 3762 et3
321 3711 512 3777 annotaveram
527 3709 615 3772 (θέλει
630 3713 772 3778 χρῆσθαι),
785 3727 799 3763 e
812 3712 947 3767 codicibus
960 3715 1078 3783 positum
1091 3717 1189 3770 inveni,

189 3797 341 3852 Restabant
353 3816 391 3862 eu,
409 3817 467 3870 qus
478 3801 507 3853 in
518 3801 660 3872 Philologo
672 3803 684 3854 I
696 3819 722 3872 p.
734 3805 784 3858 671
799 3804 879 3861 edidi.
906 3806 945 3860 De
957 3807 1000 3860 his
1013 3812 1041 3862 et
1055 3811 1190 3866 similibus

194 3889 317 3958 siquem
337 3889 525 3945 dubitaturum
545 3895 686 3958 crederem,
708 3912 813 3963 possem
825 3899 908 3951 testes
921 3897 998 3964 dare;
1018 3899 1064 3954 sed
1077 3905 1189 3966 1111111111,

194 3983 302 4050 opinor,
334 3983 403 4036 mihi
428 3999 485 4037 esse
509 3985 721 4042 coniecturarum
745 3987 847 4060 copiam
870 3991 965 4056 etism,
990 3993 1013 4046 si
1036 3994 1083 4062 qui
1101 3995 1189 4049 minus

189 4072 314 4127 benevoli
332 4078 409 4140 suut,
430 4079 585 4144 concedent,
603 4081 728 4134 utnulla
749 4083 788 4136 sit
805 4083 907 4138 alienas
926 4085 1083 4154 sublegendi
1102 4103 1188 4142 causa.
