<?xml version="1.0" encoding="UTF-8"?>
<!DOCTYPE html PUBLIC "-//W3C//DTD XHTML 1.0 Transitional//EN"
    "http://www.w3.org/TR/xhtml1/DTD/xhtml1-transitional.dtd">
<html xmlns="http://www.w3.org/1999/xhtml" xml:lang="en" lang="en">
 <head>
  <title>
</title>
<meta http-equiv="Content-Type" content="text/html;charset=utf-8" />
  <meta name='ocr-system' content='tesseract 3.04.00' />
  <meta name='ocr-capabilities' content='ocr_page ocr_carea ocr_par ocr_line ocrx_word'/>
</head>
<body>
  <div class='ocr_page' id='page_1' title='image "./adversariacriti02madvgoog_0092.png"; bbox 0 0 2944 4660; ppageno 0'>
   <div class='ocr_carea' id='block_1_1' title="bbox 609 267 1152 338">
    <p class='ocr_par' dir='ltr' id='par_1_1' title="bbox 609 267 1152 338">
     <span class='ocr_line' id='line_1_1' title="bbox 609 267 1152 338; baseline 0.015 -14"><span class='ocrx_word' id='word_1_1' title='bbox 609 267 670 324; x_wconf 83' lang='lat' dir='ltr'><strong>Lib.</strong></span> <span class='ocrx_word' id='word_1_2' title='bbox 689 269 720 338; x_wconf 72' lang='lat'><strong>1,</strong></span> <span class='ocrx_word' id='word_1_3' title='bbox 1113 271 1152 332; x_wconf 82' lang='grc'><strong>77</strong></span> 
     </span>
    </p>
   </div>
   <div class='ocr_carea' id='block_1_2' title="bbox 137 458 1196 1181">
    <p class='ocr_par' dir='ltr' id='par_1_2' title="bbox 137 458 1196 1181">
     <span class='ocr_line' id='line_1_2' title="bbox 138 458 1195 549; baseline 0.009 -25"><span class='ocrx_word' id='word_1_4' title='bbox 138 458 372 540; x_wconf 82' lang='lat' dir='ltr'><strong>excusationem,</strong></span> <span class='ocrx_word' id='word_1_5' title='bbox 393 463 430 528; x_wconf 90' lang='grc'><strong>11</strong></span> <span class='ocrx_word' id='word_1_6' title='bbox 450 463 536 544; x_wconf 87' lang='lat' dir='ltr'><strong>Vlll,</strong></span> <span class='ocrx_word' id='word_1_7' title='bbox 561 466 611 545; x_wconf 83' lang='grc'><strong>11,</strong></span> <span class='ocrx_word' id='word_1_8' title='bbox 633 465 687 544; x_wconf 87' lang='lat' dir='ltr'><strong>IX,</strong></span> <span class='ocrx_word' id='word_1_9' title='bbox 711 465 799 549; x_wconf 86' lang='grc'><strong>131),</strong></span> <span class='ocrx_word' id='word_1_10' title='bbox 830 465 958 531; x_wconf 82' lang='lat' dir='ltr'><strong>fulvor</strong></span> <span class='ocrx_word' id='word_1_11' title='bbox 979 466 1063 544; x_wconf 86' lang='lat' dir='ltr'><strong>fecit,</strong></span> <span class='ocrx_word' id='word_1_12' title='bbox 1085 465 1195 534; x_wconf 82' lang='lat' dir='ltr'><strong>deinde</strong></span> 
     </span>
     <span class='ocr_line' id='line_1_3' title="bbox 140 564 1194 654; baseline 0.009 -27"><span class='ocrx_word' id='word_1_13' title='bbox 140 564 177 628; x_wconf 89' lang='lat' dir='ltr'><strong>ad</strong></span> <span class='ocrx_word' id='word_1_14' title='bbox 210 565 242 630; x_wconf 94' lang='lat' dir='ltr'><strong>id</strong></span> <span class='ocrx_word' id='word_1_15' title='bbox 275 566 436 634; x_wconf 87' lang='lat' dir='ltr'><strong>lebetas</strong></span> <span class='ocrx_word' id='word_1_16' title='bbox 458 572 489 636; x_wconf 89' lang='lat' dir='ltr'><strong>et</strong></span> <span class='ocrx_word' id='word_1_17' title='bbox 520 571 695 654; x_wconf 77' lang='lat' dir='ltr'><strong>tripodas</strong></span> <span class='ocrx_word' id='word_1_18' title='bbox 727 570 984 649; x_wconf 86' lang='lat' dir='ltr'><strong>accommodavit,</strong></span> <span class='ocrx_word' id='word_1_19' title='bbox 1016 571 1194 650; x_wconf 86' lang='lat' dir='ltr'><strong>blandas,</strong></span> 
     </span>
     <span class='ocr_line' id='line_1_4' title="bbox 138 670 1196 760; baseline 0.008 -26"><span class='ocrx_word' id='word_1_20' title='bbox 138 670 216 753; x_wconf 86' lang='lat' dir='ltr'><strong>quod</strong></span> <span class='ocrx_word' id='word_1_21' title='bbox 240 671 334 736; x_wconf 87' lang='lat' dir='ltr'><strong>simrd</strong></span> <span class='ocrx_word' id='word_1_22' title='bbox 359 674 543 740; x_wconf 90' lang='lat' dir='ltr'><strong>mutandum</strong></span> <span class='ocrx_word' id='word_1_23' title='bbox 569 679 652 756; x_wconf 88' lang='lat' dir='ltr'><strong>erat,</strong></span> <span class='ocrx_word' id='word_1_24' title='bbox 684 677 756 760; x_wconf 89' lang='lat' dir='ltr'><strong>quia</strong></span> <span class='ocrx_word' id='word_1_25' title='bbox 783 679 991 759; x_wconf 75' lang='lat' dir='ltr'><strong>precesserat,</strong></span> <span class='ocrx_word' id='word_1_26' title='bbox 1013 676 1125 741; x_wconf 89' lang='lat' dir='ltr'><strong>oblitus</strong></span> <span class='ocrx_word' id='word_1_27' title='bbox 1147 679 1196 742; x_wconf 90' lang='lat' dir='ltr'><strong>est</strong></span> 
     </span>
     <span class='ocr_line' id='line_1_5' title="bbox 137 775 1195 864; baseline 0.006 -24"><span class='ocrx_word' id='word_1_28' title='bbox 137 777 305 854; x_wconf 64' lang='grc'><strong>11111111),</strong></span> <span class='ocrx_word' id='word_1_29' title='bbox 343 779 452 862; x_wconf 88' lang='lat' dir='ltr'><strong>ltaque</strong></span> <span class='ocrx_word' id='word_1_30' title='bbox 479 799 534 846; x_wconf 89' lang='lat' dir='ltr'><strong>suo</strong></span> <span class='ocrx_word' id='word_1_31' title='bbox 562 782 635 864; x_wconf 87' lang='lat' dir='ltr'><strong>ipse·</strong></span> <span class='ocrx_word' id='word_1_32' title='bbox 657 783 768 849; x_wconf 85' lang='lat' dir='ltr'><strong>indicio</strong></span> <span class='ocrx_word' id='word_1_33' title='bbox 791 775 1037 864; x_wconf 63' lang='lat' dir='ltr'><strong>deprehenditur.</strong></span> <span class='ocrx_word' id='word_1_34' title='bbox 1093 781 1195 864; x_wconf 78' lang='lat' dir='ltr'><strong>Atque</strong></span> 
     </span>
     <span class='ocr_line' id='line_1_6' title="bbox 138 883 1195 972; baseline 0.004 -24"><span class='ocrx_word' id='word_1_35' title='bbox 138 883 230 948; x_wconf 88' lang='lat' dir='ltr'><strong>etiam</strong></span> <span class='ocrx_word' id='word_1_36' title='bbox 252 902 377 965; x_wconf 87' lang='lat' dir='ltr'><strong>prorsus</strong></span> <span class='ocrx_word' id='word_1_37' title='bbox 400 885 478 952; x_wconf 90' lang='lat' dir='ltr'><strong>alins</strong></span> <span class='ocrx_word' id='word_1_38' title='bbox 500 887 642 952; x_wconf 74' lang='lat' dir='ltr'><strong>vocabuli</strong></span> <span class='ocrx_word' id='word_1_39' title='bbox 662 907 717 970; x_wconf 91' lang='lat' dir='ltr'><strong>pro</strong></span> <span class='ocrx_word' id='word_1_40' title='bbox 736 888 842 972; x_wconf 81' lang='lat' dir='ltr'><strong>ignoto</strong></span> <span class='ocrx_word' id='word_1_41' title='bbox 868 889 900 952; x_wconf 90' lang='lat' dir='ltr'><strong>et</strong></span> <span class='ocrx_word' id='word_1_42' title='bbox 919 886 1045 952; x_wconf 84' lang='lat' dir='ltr'><strong>obscuro</strong></span> <span class='ocrx_word' id='word_1_43' title='bbox 1065 906 1125 952; x_wconf 91' lang='lat' dir='ltr'><strong>non</strong></span> <span class='ocrx_word' id='word_1_44' title='bbox 1147 906 1195 952; x_wconf 91' lang='lat' dir='ltr'><strong>er-</strong></span> 
     </span>
     <span class='ocr_line' id='line_1_7' title="bbox 137 987 1194 1074; baseline 0.002 -20"><span class='ocrx_word' id='word_1_45' title='bbox 137 1007 215 1066; x_wconf 89' lang='lat' dir='ltr'><strong>rore,</strong></span> <span class='ocrx_word' id='word_1_46' title='bbox 252 989 307 1054; x_wconf 88' lang='lat' dir='ltr'><strong>sed</strong></span> <span class='ocrx_word' id='word_1_47' title='bbox 321 990 510 1058; x_wconf 61' lang='lat' dir='ltr'><strong>‘coniectura</strong></span> <span class='ocrx_word' id='word_1_48' title='bbox 529 987 697 1074; x_wconf 75' lang='lat' dir='ltr'><strong>¹substituti</strong></span> <span class='ocrx_word' id='word_1_49' title='bbox 719 991 892 1074; x_wconf 82' lang='lat' dir='ltr'><strong>exemplum</strong></span> <span class='ocrx_word' id='word_1_50' title='bbox 914 993 1049 1074; x_wconf 82' lang='lat' dir='ltr'><strong>praboat</strong></span> <span class='ocrx_word' id='word_1_51' title='bbox 1069 991 1194 1056; x_wconf 82' lang='lat' dir='ltr'><strong>Seneca</strong></span> 
     </span>
     <span class='ocr_line' id='line_1_8' title="bbox 137 1077 1195 1181; baseline 0.002 -23"><span class='ocrx_word' id='word_1_52' title='bbox 137 1094 165 1158; x_wconf 91' lang='lat' dir='ltr'><strong>ls</strong></span> <span class='ocrx_word' id='word_1_53' title='bbox 198 1095 232 1158; x_wconf 93' lang='lat' dir='ltr'><strong>in</strong></span> <span class='ocrx_word' id='word_1_54' title='bbox 262 1095 351 1176; x_wconf 90' lang='lat' dir='ltr'><strong>epist.</strong></span> <span class='ocrx_word' id='word_1_55' title='bbox 388 1097 447 1160; x_wconf 85' lang='grc'><strong>113</strong></span> <span class='ocrx_word' id='word_1_56' title='bbox 480 1097 679 1181; x_wconf 86' lang='lat' dir='ltr'><strong>aplerisque</strong></span> <span class='ocrx_word' id='word_1_57' title='bbox 714 1097 844 1174; x_wconf 76' lang='lat' dir='ltr'><strong>Stoicis,</strong></span> <span class='ocrx_word' id='word_1_58' title='bbox 878 1096 930 1178; x_wconf 90' lang='lat' dir='ltr'><strong>qui</strong></span> <span class='ocrx_word' id='word_1_59' title='bbox 965 1077 1028 1160; x_wconf 80' lang='lat' dir='ltr'><strong>iere</strong></span> <span class='ocrx_word' id='word_1_60' title='bbox 1066 1094 1195 1160; x_wconf 84' lang='lat' dir='ltr'><strong>virtutes</strong></span> 
     </span>
    </p>
   </div>
   <div class='ocr_carea' id='block_1_3' title="bbox 137 1199 1197 2021">
    <p class='ocr_par' dir='ltr' id='par_1_3' title="bbox 137 1199 1197 2021">
     <span class='ocr_line' id='line_1_9' title="bbox 138 1199 1195 1280; baseline 0.006 -18"><span class='ocrx_word' id='word_1_61' title='bbox 138 1199 198 1280; x_wconf 78' lang='grc' dir='ltr'><strong>ζῶα</strong></span> <span class='ocrx_word' id='word_1_62' title='bbox 240 1218 308 1264; x_wconf 88' lang='lat' dir='ltr'><strong>esse</strong></span> <span class='ocrx_word' id='word_1_63' title='bbox 340 1200 505 1280; x_wconf 74' lang='lat' dir='ltr'>docebant,</span> <span class='ocrx_word' id='word_1_64' title='bbox 536 1202 719 1270; x_wconf 81' lang='lat' dir='ltr'><strong>dissentiens</strong></span> <span class='ocrx_word' id='word_1_65' title='bbox 750 1203 789 1268; x_wconf 88' lang='lat' dir='ltr'><strong>ad</strong></span> <span class='ocrx_word' id='word_1_66' title='bbox 819 1203 903 1268; x_wconf 85' lang='lat' dir='ltr'><strong>hanc</strong></span> <span class='ocrx_word' id='word_1_67' title='bbox 933 1201 1119 1266; x_wconf 88' lang='lat' dir='ltr'><strong>sententiam</strong></span> <span class='ocrx_word' id='word_1_68' title='bbox 1140 1201 1195 1272; x_wconf 88' lang='lat' dir='ltr'><strong>ab·</strong></span> 
     </span>
     <span class='ocr_line' id='line_1_10' title="bbox 138 1304 1195 1388; baseline 0 -18"><span class='ocrx_word' id='word_1_69' title='bbox 138 1304 297 1371; x_wconf 79' lang='lat' dir='ltr'><strong>surditatis</strong></span> <span class='ocrx_word' id='word_1_70' title='bbox 326 1307 565 1374; x_wconf 83' lang='lat' dir='ltr'><strong>convincendam</strong></span> <span class='ocrx_word' id='word_1_71' title='bbox 593 1309 625 1374; x_wconf 89' lang='lat' dir='ltr'><strong>et</strong></span> <span class='ocrx_word' id='word_1_72' title='bbox 651 1308 719 1374; x_wconf 91' lang='lat' dir='ltr'><strong>aliis</strong></span> <span class='ocrx_word' id='word_1_73' title='bbox 742 1309 840 1372; x_wconf 89' lang='lat' dir='ltr'><strong>utitur</strong></span> <span class='ocrx_word' id='word_1_74' title='bbox 861 1305 1008 1388; x_wconf 84' lang='lat' dir='ltr'><strong>exemphs</strong></span> <span class='ocrx_word' id='word_1_75' title='bbox 1031 1305 1195 1372; x_wconf 81' lang='grc'><strong>111111-</strong></span> 
     </span>
     <span class='ocr_line' id='line_1_11' title="bbox 138 1410 1195 1480; baseline -0.002 -4"><span class='ocrx_word' id='word_1_76' title='bbox 138 1413 269 1476; x_wconf 87' lang='lat' dir='ltr'><strong>tremum</strong></span> <span class='ocrx_word' id='word_1_77' title='bbox 296 1410 350 1476; x_wconf 93' lang='lat' dir='ltr'><strong>illo</strong></span> <span class='ocrx_word' id='word_1_78' title='bbox 372 1412 462 1477; x_wconf 93' lang='lat' dir='ltr'><strong>modo</strong></span> <span class='ocrx_word' id='word_1_79' title='bbox 492 1412 586 1480; x_wconf 89' lang='lat' dir='ltr'><strong>etiam</strong></span> <span class='ocrx_word' id='word_1_80' title='bbox 608 1413 847 1479; x_wconf 79' lang='lat' dir='ltr'><strong>ambulationem</strong></span> <span class='ocrx_word' id='word_1_81' title='bbox 868 1412 984 1478; x_wconf 86' lang='lat' dir='ltr'><strong>animal</strong></span> <span class='ocrx_word' id='word_1_82' title='bbox 1005 1410 1070 1476; x_wconf 91' lang='lat' dir='ltr'><strong>dici</strong></span> <span class='ocrx_word' id='word_1_83' title='bbox 1087 1410 1195 1476; x_wconf 88' lang='lat' dir='ltr'><strong>debere</strong></span> 
     </span>
     <span class='ocr_line' id='line_1_12' title="bbox 138 1515 1195 1602; baseline -0.001 -22"><span class='ocrx_word' id='word_1_84' title='bbox 138 1516 186 1583; x_wconf 88' lang='lat' dir='ltr'><strong>ait.</strong></span> <span class='ocrx_word' id='word_1_85' title='bbox 234 1516 355 1581; x_wconf 85' lang='lat' dir='ltr'><strong>Deinde</strong></span> <span class='ocrx_word' id='word_1_86' title='bbox 374 1517 419 1582; x_wconf 88' lang='lat' dir='ltr'><strong>sic</strong></span> <span class='ocrx_word' id='word_1_87' title='bbox 440 1518 539 1602; x_wconf 78' lang='lat' dir='ltr'><strong>pergit</strong></span> <span class='ocrx_word' id='word_1_88' title='bbox 562 1519 644 1602; x_wconf 72' lang='lat' dir='ltr'><strong>(lbtz</strong></span> <span class='ocrx_word' id='word_1_89' title='bbox 686 1517 740 1582; x_wconf 89' lang='lat' dir='ltr'><strong>Ne</strong></span> <span class='ocrx_word' id='word_1_90' title='bbox 762 1518 875 1600; x_wconf 89' lang='lat' dir='ltr'><strong>putes</strong></span> <span class='ocrx_word' id='word_1_91' title='bbox 898 1517 1024 1582; x_wconf 87' lang='lat' dir='ltr'><strong>autam</strong></span> <span class='ocrx_word' id='word_1_92' title='bbox 1045 1533 1101 1578; x_wconf 90' lang='lat' dir='ltr'><strong>me</strong></span> <span class='ocrx_word' id='word_1_93' title='bbox 1122 1515 1195 1597; x_wconf 89' lang='lat' dir='ltr'><strong>pri-</strong></span> 
     </span>
     <span class='ocr_line' id='line_1_13' title="bbox 137 1620 1195 1706; baseline 0 -22"><span class='ocrx_word' id='word_1_94' title='bbox 137 1639 231 1686; x_wconf 89' lang='lat' dir='ltr'><strong>mum</strong></span> <span class='ocrx_word' id='word_1_95' title='bbox 248 1639 295 1685; x_wconf 83' lang='lat' dir='ltr'><strong>ex</strong></span> <span class='ocrx_word' id='word_1_96' title='bbox 310 1621 453 1688; x_wconf 90' lang='lat' dir='ltr'><strong>nostris</strong></span> <span class='ocrx_word' id='word_1_97' title='bbox 474 1642 550 1688; x_wconf 91' lang='lat' dir='ltr'><strong>non</strong></span> <span class='ocrx_word' id='word_1_98' title='bbox 572 1643 613 1690; x_wconf 87' lang='lat' dir='ltr'><strong>ex</strong></span> <span class='ocrx_word' id='word_1_99' title='bbox 634 1623 869 1706; x_wconf 81' lang='lat' dir='ltr'><strong>praescripto</strong></span> <span class='ocrx_word' id='word_1_100' title='bbox 890 1621 1007 1704; x_wconf 89' lang='lat' dir='ltr'><strong>loqui,</strong></span> <span class='ocrx_word' id='word_1_101' title='bbox 1022 1620 1089 1688; x_wconf 90' lang='lat' dir='ltr'><strong>sed</strong></span> <span class='ocrx_word' id='word_1_102' title='bbox 1107 1639 1195 1684; x_wconf 72' lang='lat' dir='ltr'><strong>meae</strong></span> 
     </span>
     <span class='ocr_line' id='line_1_14' title="bbox 138 1725 1195 1809; baseline 0 -19"><span class='ocrx_word' id='word_1_103' title='bbox 138 1725 345 1790; x_wconf 87' lang='lat' dir='ltr'><strong>sententiae</strong></span> <span class='ocrx_word' id='word_1_104' title='bbox 374 1745 476 1806; x_wconf 90' lang='lat' dir='ltr'><strong>esso,</strong></span> <span class='ocrx_word' id='word_1_105' title='bbox 503 1729 611 1795; x_wconf 88' lang='lat' dir='ltr'><strong>inter</strong></span> <span class='ocrx_word' id='word_1_106' title='bbox 641 1728 867 1794; x_wconf 75' lang='lat' dir='ltr'><strong>Cleanthem</strong></span> <span class='ocrx_word' id='word_1_107' title='bbox 896 1730 933 1794; x_wconf 90' lang='lat' dir='ltr'><strong>et</strong></span> <span class='ocrx_word' id='word_1_108' title='bbox 960 1726 1195 1809; x_wconf 89' lang='lat' dir='ltr'><strong>discipulum</strong></span> 
     </span>
     <span class='ocr_line' id='line_1_15' title="bbox 139 1830 1195 1916; baseline -0.001 -20"><span class='ocrx_word' id='word_1_109' title='bbox 139 1831 217 1896; x_wconf 89' lang='lat' dir='ltr'><strong>eins</strong></span> <span class='ocrx_word' id='word_1_110' title='bbox 239 1830 497 1915; x_wconf 81' lang='lat' dir='ltr'><strong>Chrysippum</strong></span> <span class='ocrx_word' id='word_1_111' title='bbox 521 1853 593 1900; x_wconf 92' lang='lat' dir='ltr'><strong>non</strong></span> <span class='ocrx_word' id='word_1_112' title='bbox 614 1835 811 1912; x_wconf 88' lang='lat' dir='ltr'><strong>convenit,</strong></span> <span class='ocrx_word' id='word_1_113' title='bbox 840 1832 934 1916; x_wconf 89' lang='lat' dir='ltr'><strong>quid</strong></span> <span class='ocrx_word' id='word_1_114' title='bbox 955 1832 1008 1898; x_wconf 92' lang='lat' dir='ltr'><strong>sit</strong></span> <span class='ocrx_word' id='word_1_115' title='bbox 1028 1832 1195 1904; x_wconf 84' lang='lat' dir='ltr'><strong>ambula-</strong></span> 
     </span>
     <span class='ocr_line' id='line_1_16' title="bbox 138 1936 1197 2021; baseline 0.001 -21"><span class='ocrx_word' id='word_1_116' title='bbox 138 1936 199 2002; x_wconf 91' lang='lat' dir='ltr'><strong>tio.</strong></span> <span class='ocrx_word' id='word_1_117' title='bbox 246 1937 336 2000; x_wconf 88' lang='lat' dir='ltr'><strong>Itane</strong></span> <span class='ocrx_word' id='word_1_118' title='bbox 366 1940 459 2002; x_wconf 81' lang='lat' dir='ltr'><strong>vero?</strong></span> <span class='ocrx_word' id='word_1_119' title='bbox 506 1939 552 2004; x_wconf 89' lang='lat' dir='ltr'><strong>Da</strong></span> <span class='ocrx_word' id='word_1_120' title='bbox 578 1939 651 2018; x_wconf 92' lang='lat' dir='ltr'><strong>hoo,</strong></span> <span class='ocrx_word' id='word_1_121' title='bbox 680 1939 760 2021; x_wconf 89' lang='lat' dir='ltr'><strong>quod</strong></span> <span class='ocrx_word' id='word_1_122' title='bbox 781 1939 898 2004; x_wconf 82' lang='lat' dir='ltr'><strong>Sennea</strong></span> <span class='ocrx_word' id='word_1_123' title='bbox 916 1937 1045 2002; x_wconf 85' lang='lat' dir='ltr'><strong>irridens</strong></span> <span class='ocrx_word' id='word_1_124' title='bbox 1066 1936 1197 2018; x_wconf 82' lang='lat' dir='ltr'><strong>exempli</strong></span> 
     </span>
    </p>
   </div>
   <div class='ocr_carea' id='block_1_4' title="bbox 28 2039 1198 2444">
    <p class='ocr_par' dir='ltr' id='par_1_4' title="bbox 28 2039 1198 2444">
     <span class='ocr_line' id='line_1_17' title="bbox 28 2039 1195 2128; baseline -0.001 -22"><span class='ocrx_word' id='word_1_125' title='bbox 28 2047 30 2052; x_wconf 86' lang='lat'>&#39;</span> <span class='ocrx_word' id='word_1_126' title='bbox 139 2059 228 2106; x_wconf 84' lang='lat' dir='ltr'><strong>causa</strong></span> <span class='ocrx_word' id='word_1_127' title='bbox 249 2041 436 2124; x_wconf 82' lang='lat' dir='ltr'><strong>arripuerat,</strong></span> <span class='ocrx_word' id='word_1_128' title='bbox 456 2042 505 2116; x_wconf 87' lang='lat' dir='ltr'><strong>illi</strong></span> <span class='ocrx_word' id='word_1_129' title='bbox 523 2043 587 2108; x_wconf 90' lang='lat' dir='ltr'><strong>iam</strong></span> <span class='ocrx_word' id='word_1_130' title='bbox 608 2039 686 2111; x_wconf 90' lang='lat' dir='ltr'><strong>sorio</strong></span> <span class='ocrx_word' id='word_1_131' title='bbox 709 2043 956 2128; x_wconf 85' lang='lat' dir='ltr'><strong>disputaverant,</strong></span> <span class='ocrx_word' id='word_1_132' title='bbox 974 2061 1050 2120; x_wconf 91' lang='lat' dir='ltr'><strong>nec,</strong></span> <span class='ocrx_word' id='word_1_133' title='bbox 1074 2044 1195 2108; x_wconf 85' lang='lat' dir='ltr'><strong>essetne</strong></span> 
     </span>
     <span class='ocr_line' id='line_1_18' title="bbox 28 2145 1196 2231; baseline 0.002 -21"><span class='ocrx_word' id='word_1_134' title='bbox 28 2197 30 2222; x_wconf 75' lang='lat'><strong>,</strong></span> <span class='ocrx_word' id='word_1_135' title='bbox 138 2146 261 2225; x_wconf 88' lang='lat' dir='ltr'><strong>animal,</strong></span> <span class='ocrx_word' id='word_1_136' title='bbox 285 2146 339 2210; x_wconf 91' lang='lat' dir='ltr'><strong>sed</strong></span> <span class='ocrx_word' id='word_1_137' title='bbox 361 2145 495 2224; x_wconf 91' lang='lat' dir='ltr'><strong>omnino,</strong></span> <span class='ocrx_word' id='word_1_138' title='bbox 518 2149 592 2231; x_wconf 90' lang='lat' dir='ltr'><strong>quid</strong></span> <span class='ocrx_word' id='word_1_139' title='bbox 614 2152 722 2216; x_wconf 74' lang='lat' dir='ltr'><strong>esset?¹</strong></span> <span class='ocrx_word' id='word_1_140' title='bbox 738 2151 780 2215; x_wconf 81' lang='lat' dir='ltr'><strong>Et</strong></span> <span class='ocrx_word' id='word_1_141' title='bbox 799 2149 869 2214; x_wconf 86' lang='lat' dir='ltr'><strong>vide</strong></span> <span class='ocrx_word' id='word_1_142' title='bbox 890 2149 969 2225; x_wconf 87' lang='lat' dir='ltr'><strong>iam,</strong></span> <span class='ocrx_word' id='word_1_143' title='bbox 992 2145 1064 2229; x_wconf 90' lang='lat' dir='ltr'><strong>quid</strong></span> <span class='ocrx_word' id='word_1_144' title='bbox 1086 2163 1122 2210; x_wconf 83' lang='lat' dir='ltr'><strong>ex</strong></span> <span class='ocrx_word' id='word_1_145' title='bbox 1141 2145 1196 2212; x_wconf 79' lang='grc'><strong>1111</strong></span> 
     </span>
     <span class='ocr_line' id='line_1_19' title="bbox 28 2249 1198 2336; baseline 0.005 -26"><span class='ocrx_word' id='word_1_146' title='bbox 28 2277 30 2310; x_wconf 66' lang='grc' dir='ltr'>ι</span> <span class='ocrx_word' id='word_1_147' title='bbox 140 2249 345 2316; x_wconf 87' lang='lat' dir='ltr'><strong>controversia</strong></span> <span class='ocrx_word' id='word_1_148' title='bbox 366 2251 525 2318; x_wconf 85' lang='lat' dir='ltr'><strong>afferatur:</strong></span> <span class='ocrx_word' id='word_1_149' title='bbox 565 2252 1198 2336; x_wconf 78' lang='grc'><strong>(11111111111111111111111111</strong></span> 
     </span>
     <span class='ocr_line' id='line_1_20' title="bbox 28 2355 1197 2444; baseline 0.002 -26"><span class='ocrx_word' id='word_1_150' title='bbox 28 2395 29 2399; x_wconf 55' lang='lat'><em>=</em></span> <span class='ocrx_word' id='word_1_151' title='bbox 136 2355 352 2438; x_wconf 89' lang='lat' dir='ltr'><strong>principali</strong></span> <span class='ocrx_word' id='word_1_152' title='bbox 381 2375 503 2439; x_wconf 88' lang='lat' dir='ltr'><strong>usqne</strong></span> <span class='ocrx_word' id='word_1_153' title='bbox 530 2359 567 2424; x_wconf 92' lang='lat' dir='ltr'><strong>in</strong></span> <span class='ocrx_word' id='word_1_154' title='bbox 588 2359 983 2444; x_wconf 83' lang='lat' dir='ltr'><strong>pedospermissum,</strong></span> <span class='ocrx_word' id='word_1_155' title='bbox 1016 2355 1197 2439; x_wconf 81' lang='lat' dir='ltr'><strong>Chrysip-</strong></span> 
     </span>
    </p>
   </div>
   <div class='ocr_carea' id='block_1_5' title="bbox 136 2460 1197 2547">
    <p class='ocr_par' dir='ltr' id='par_1_5' title="bbox 136 2460 1197 2547">
     <span class='ocr_line' id='line_1_21' title="bbox 136 2460 1197 2547; baseline 0.004 -25"><span class='ocrx_word' id='word_1_156' title='bbox 136 2478 204 2540; x_wconf 86' lang='lat' dir='ltr'><strong>pus</strong></span> <span class='ocrx_word' id='word_1_157' title='bbox 236 2461 379 2543; x_wconf 82' lang='lat' dir='ltr'><strong>ipsum.</strong></span> <span class='ocrx_word' id='word_1_158' title='bbox 400 2461 629 2547; x_wconf 84' lang='lat' dir='ltr'><strong>principale.</strong></span> <span class='ocrx_word' id='word_1_159' title='bbox 676 2467 744 2532; x_wconf 87' lang='lat' dir='ltr'><strong>Hoc</strong></span> <span class='ocrx_word' id='word_1_160' title='bbox 777 2483 849 2532; x_wconf 76' lang='lat' dir='ltr'><strong>roro</strong></span> <span class='ocrx_word' id='word_1_161' title='bbox 870 2466 953 2530; x_wconf 88' lang='lat' dir='ltr'><strong>ultra</strong></span> <span class='ocrx_word' id='word_1_162' title='bbox 974 2462 1101 2529; x_wconf 90' lang='lat' dir='ltr'><strong>modum</strong></span> <span class='ocrx_word' id='word_1_163' title='bbox 1121 2460 1197 2526; x_wconf 89' lang='lat' dir='ltr'><strong>ridi·</strong></span> 
     </span>
    </p>
   </div>
   <div class='ocr_carea' id='block_1_6' title="bbox 29 2560 1196 2654">
    <p class='ocr_par' dir='ltr' id='par_1_6' title="bbox 29 2560 1196 2654">
     <span class='ocr_line' id='line_1_22' title="bbox 29 2560 1196 2654; baseline 0.003 -26"><span class='ocrx_word' id='word_1_164' title='bbox 29 2599 30 2608; x_wconf 32' lang='grc'><strong>1</strong></span> <span class='ocrx_word' id='word_1_165' title='bbox 139 2565 250 2644; x_wconf 86' lang='lat' dir='ltr'><strong>culum,</strong></span> <span class='ocrx_word' id='word_1_166' title='bbox 265 2564 471 2650; x_wconf 80' lang='lat' dir='ltr'><strong>Chrysippum</strong></span> <span class='ocrx_word' id='word_1_167' title='bbox 486 2568 597 2636; x_wconf 81' lang='lat' dir='ltr'><strong>dixisse</strong></span> <span class='ocrx_word' id='word_1_168' title='bbox 608 2571 846 2637; x_wconf 75' lang='lat' dir='ltr'><strong>ambulationem</strong></span> <span class='ocrx_word' id='word_1_169' title='bbox 859 2588 928 2634; x_wconf 87' lang='lat' dir='ltr'><strong>esse</strong></span> <span class='ocrx_word' id='word_1_170' title='bbox 939 2562 977 2634; x_wconf 78' lang='lat' dir='ltr'><strong>od</strong></span> <span class='ocrx_word' id='word_1_171' title='bbox 989 2560 1196 2654; x_wconf 72' lang='grc' dir='ltr'><em>ἡγεμονικὸν</em></span> 
     </span>
    </p>
   </div>
   <div class='ocr_carea' id='block_1_7' title="bbox 138 2663 1196 3284">
    <p class='ocr_par' dir='ltr' id='par_1_7' title="bbox 138 2663 1196 3284">
     <span class='ocr_line' id='line_1_23' title="bbox 138 2663 1196 2760; baseline 0.003 -26"><span class='ocrx_word' id='word_1_172' title='bbox 138 2673 197 2737; x_wconf 77' lang='grc' dir='ltr'><strong>τοῦ</strong></span> <span class='ocrx_word' id='word_1_173' title='bbox 223 2663 428 2758; x_wconf 74' lang='grc' dir='ltr'><strong><em>α’νθρώπου.</em></strong></span> <span class='ocrx_word' id='word_1_174' title='bbox 471 2674 532 2740; x_wconf 85' lang='lat' dir='ltr'><strong>Se&#39;d</strong></span> <span class='ocrx_word' id='word_1_175' title='bbox 558 2678 667 2760; x_wconf 85' lang='lat' dir='ltr'><strong>nugari</strong></span> <span class='ocrx_word' id='word_1_176' title='bbox 686 2676 871 2742; x_wconf 86' lang='lat' dir='ltr'><strong>desinamus.</strong></span> <span class='ocrx_word' id='word_1_177' title='bbox 914 2673 1000 2738; x_wconf 89' lang='lat' dir='ltr'><strong>Inter</strong></span> <span class='ocrx_word' id='word_1_178' title='bbox 1012 2674 1096 2757; x_wconf 88' lang='lat' dir='ltr'><strong>ipsos</strong></span> <span class='ocrx_word' id='word_1_179' title='bbox 1111 2671 1196 2754; x_wconf 89' lang='lat' dir='ltr'><strong>prin·</strong></span> 
     </span>
     <span class='ocr_line' id='line_1_24' title="bbox 140 2765 1194 2864; baseline -0.001 -21"><span class='ocrx_word' id='word_1_180' title='bbox 140 2778 218 2862; x_wconf 87' lang='lat' dir='ltr'><strong>cipes</strong></span> <span class='ocrx_word' id='word_1_181' title='bbox 239 2779 352 2844; x_wconf 86' lang='lat' dir='ltr'><strong>sobolae</strong></span> <span class='ocrx_word' id='word_1_182' title='bbox 365 2765 483 2844; x_wconf 84' lang='lat' dir='ltr'><strong>Seneca</strong></span> <span class='ocrx_word' id='word_1_183' title='bbox 501 2781 596 2864; x_wconf 80' lang='lat' dir='ltr'><strong>negat</strong></span> <span class='ocrx_word' id='word_1_184' title='bbox 617 2781 786 2859; x_wconf 82' lang='lat' dir='ltr'><strong>convenire,</strong></span> <span class='ocrx_word' id='word_1_185' title='bbox 809 2779 882 2862; x_wconf 88' lang='lat' dir='ltr'><strong>qnid</strong></span> <span class='ocrx_word' id='word_1_186' title='bbox 898 2779 982 2864; x_wconf 82' lang='lat' dir='ltr'><strong>esset</strong></span> <span class='ocrx_word' id='word_1_187' title='bbox 1003 2777 1194 2856; x_wconf 86' lang='lat' dir='ltr'><strong>animatio,</strong></span> 
     </span>
     <span class='ocr_line' id='line_1_25' title="bbox 139 2878 1195 2970; baseline -0.002 -22"><span class='ocrx_word' id='word_1_188' title='bbox 139 2884 169 2948; x_wconf 79' lang='grc'><strong>11</strong></span> <span class='ocrx_word' id='word_1_189' title='bbox 204 2879 226 2968; x_wconf 79' lang='grc' dir='ltr'><em>ἡ</em></span> <span class='ocrx_word' id='word_1_190' title='bbox 262 2885 464 2968; x_wconf 63' lang='lat' dir='ltr'><strong>§concipere</strong></span> <span class='ocrx_word' id='word_1_191' title='bbox 498 2886 549 2953; x_wconf 90' lang='grc'><strong>111</strong></span> <span class='ocrx_word' id='word_1_192' title='bbox 578 2878 600 2970; x_wconf 76' lang='grc' dir='ltr'><em>ἦ</em></span> <span class='ocrx_word' id='word_1_193' title='bbox 630 2878 752 2966; x_wconf 62' lang='lat' dir='ltr'><strong>§docte</strong></span> <span class='ocrx_word' id='word_1_194' title='bbox 782 2886 924 2968; x_wconf 82' lang='lat' dir='ltr'><strong>(utroque</strong></span> <span class='ocrx_word' id='word_1_195' title='bbox 945 2881 1029 2946; x_wconf 83' lang='lat' dir='ltr'><strong>enim</strong></span> <span class='ocrx_word' id='word_1_196' title='bbox 1048 2883 1195 2962; x_wconf 77' lang='lat' dir='ltr'><strong>vocabulo</strong></span> 
     </span>
     <span class='ocr_line' id='line_1_26' title="bbox 140 2985 1194 3074; baseline 0.003 -22"><span class='ocrx_word' id='word_1_197' title='bbox 140 2986 228 3054; x_wconf 86' lang='lat' dir='ltr'><strong>Stoici</strong></span> <span class='ocrx_word' id='word_1_198' title='bbox 248 2991 298 3056; x_wconf 84' lang='lat' dir='ltr'><strong>nai</strong></span> <span class='ocrx_word' id='word_1_199' title='bbox 321 2991 423 3074; x_wconf 87' lang='lat' dir='ltr'><strong>sunt),</strong></span> <span class='ocrx_word' id='word_1_200' title='bbox 456 2991 492 3056; x_wconf 91' lang='lat' dir='ltr'><strong>ut</strong></span> <span class='ocrx_word' id='word_1_201' title='bbox 514 2990 573 3056; x_wconf 92' lang='lat' dir='ltr'><strong>sibi</strong></span> <span class='ocrx_word' id='word_1_202' title='bbox 596 3009 715 3074; x_wconf 87' lang='lat' dir='ltr'><strong>quoqne</strong></span> <span class='ocrx_word' id='word_1_203' title='bbox 735 2992 767 3056; x_wconf 91' lang='lat' dir='ltr'><strong>in</strong></span> <span class='ocrx_word' id='word_1_204' title='bbox 788 2991 846 3058; x_wconf 88' lang='lat' dir='ltr'><strong>hac</strong></span> <span class='ocrx_word' id='word_1_205' title='bbox 868 2991 905 3054; x_wconf 93' lang='lat' dir='ltr'><strong>de</strong></span> <span class='ocrx_word' id='word_1_206' title='bbox 927 2985 1054 3054; x_wconf 89' lang='lat' dir='ltr'><strong>animali</strong></span> <span class='ocrx_word' id='word_1_207' title='bbox 1075 2988 1107 3052; x_wconf 90' lang='lat' dir='ltr'><strong>et</strong></span> <span class='ocrx_word' id='word_1_208' title='bbox 1127 2985 1194 3056; x_wconf 84' lang='lat' dir='ltr'><strong>aui·</strong></span> 
     </span>
     <span class='ocr_line' id='line_1_27' title="bbox 140 3091 1034 3178; baseline 0 -18"><span class='ocrx_word' id='word_1_209' title='bbox 140 3095 269 3160; x_wconf 89' lang='lat' dir='ltr'><strong>matione</strong></span> <span class='ocrx_word' id='word_1_210' title='bbox 292 3097 458 3178; x_wconf 88' lang='lat' dir='ltr'><strong>quaestione</strong></span> <span class='ocrx_word' id='word_1_211' title='bbox 480 3115 568 3162; x_wconf 92' lang='lat' dir='ltr'><strong>suam</strong></span> <span class='ocrx_word' id='word_1_212' title='bbox 589 3096 677 3178; x_wconf 89' lang='lat' dir='ltr'><strong>sequi</strong></span> <span class='ocrx_word' id='word_1_213' title='bbox 701 3095 885 3166; x_wconf 86' lang='lat' dir='ltr'><strong>sententiam</strong></span> <span class='ocrx_word' id='word_1_214' title='bbox 903 3091 1034 3171; x_wconf 67' lang='lat' dir='ltr'><strong>liceat2).</strong></span> 
     </span>
     <span class='ocr_line' id='line_1_28' title="bbox 218 3197 1194 3284; baseline -0.003 -20"><span class='ocrx_word' id='word_1_215' title='bbox 218 3200 404 3270; x_wconf 85' lang='lat' dir='ltr'><strong>Additorum</strong></span> <span class='ocrx_word' id='word_1_216' title='bbox 425 3201 637 3284; x_wconf 89' lang='lat' dir='ltr'><strong>interpolando</strong></span> <span class='ocrx_word' id='word_1_217' title='bbox 672 3201 832 3283; x_wconf 84' lang='lat' dir='ltr'><strong>verborum</strong></span> <span class='ocrx_word' id='word_1_218' title='bbox 853 3199 886 3266; x_wconf 89' lang='lat' dir='ltr'><strong>in</strong></span> <span class='ocrx_word' id='word_1_219' title='bbox 903 3199 1061 3281; x_wconf 89' lang='lat' dir='ltr'><strong>utriusque</strong></span> <span class='ocrx_word' id='word_1_220' title='bbox 1082 3197 1194 3282; x_wconf 82' lang='lat' dir='ltr'><strong>lingna</strong></span> 
     </span>
    </p>
   </div>
   <div class='ocr_carea' id='block_1_8' title="bbox 142 3415 329 3428">
    <p class='ocr_par' dir='ltr' id='par_1_8' title="bbox 142 3415 329 3428">
     <span class='ocr_line' id='line_1_29' title="bbox 142 3415 329 3428; baseline 0.011 -4"><span class='ocrx_word' id='word_1_221' title='bbox 142 3415 329 3428; x_wconf 80' lang='lat'>-—.—-.</span> 
     </span>
    </p>
   </div>
   <div class='ocr_carea' id='block_1_9' title="bbox 159 3529 1192 3794">
    <p class='ocr_par' dir='ltr' id='par_1_9' title="bbox 159 3529 1192 3794">
     <span class='ocr_line' id='line_1_30' title="bbox 159 3529 1192 3623; baseline -0.002 -13"><span class='ocrx_word' id='word_1_222' title='bbox 159 3553 180 3622; x_wconf 89' lang='lat'><strong>¹)</strong></span> <span class='ocrx_word' id='word_1_223' title='bbox 208 3555 300 3612; x_wconf 84' lang='lat' dir='ltr'><strong>Studio</strong></span> <span class='ocrx_word' id='word_1_224' title='bbox 323 3553 488 3611; x_wconf 81' lang='lat' dir='ltr'><strong>accusativos</strong></span> <span class='ocrx_word' id='word_1_225' title='bbox 511 3529 646 3610; x_wconf 83' lang='lat' dir='ltr'><strong>alliciendi</strong></span> <span class='ocrx_word' id='word_1_226' title='bbox 669 3555 796 3610; x_wconf 86' lang='lat' dir='ltr'><strong>librarius</strong></span> <span class='ocrx_word' id='word_1_227' title='bbox 822 3555 903 3609; x_wconf 84' lang='lat' dir='ltr'><strong>etiam</strong></span> <span class='ocrx_word' id='word_1_228' title='bbox 930 3569 1089 3623; x_wconf 79' lang='lat' dir='ltr'><strong>operosos</strong></span> <span class='ocrx_word' id='word_1_229' title='bbox 1108 3554 1192 3623; x_wconf 89' lang='lat' dir='ltr'><strong>scrip·</strong></span> 
     </span>
     <span class='ocr_line' id='line_1_31' title="bbox 207 3645 1191 3718; baseline -0.002 -16"><span class='ocrx_word' id='word_1_230' title='bbox 207 3649 270 3703; x_wconf 81' lang='lat' dir='ltr'><strong>sime</strong></span> <span class='ocrx_word' id='word_1_231' title='bbox 287 3648 411 3716; x_wconf 79' lang='lat' dir='ltr'><strong>ridetur,</strong></span> <span class='ocrx_word' id='word_1_232' title='bbox 421 3647 493 3716; x_wconf 87' lang='lat' dir='ltr'><strong>qaod</strong></span> <span class='ocrx_word' id='word_1_233' title='bbox 511 3648 597 3702; x_wconf 86' lang='lat' dir='ltr'><strong>estin</strong></span> <span class='ocrx_word' id='word_1_234' title='bbox 616 3647 805 3718; x_wconf 84' lang='lat' dir='ltr'><strong>antiquissimo</strong></span> <span class='ocrx_word' id='word_1_235' title='bbox 823 3647 942 3702; x_wconf 87' lang='lat' dir='ltr'><strong>omnium</strong></span> <span class='ocrx_word' id='word_1_236' title='bbox 956 3646 1046 3702; x_wconf 82' lang='lat' dir='ltr'><strong>codioe‘</strong></span> <span class='ocrx_word' id='word_1_237' title='bbox 1060 3645 1191 3710; x_wconf 85' lang='lat' dir='ltr'><strong>Parisino,</strong></span> 
     </span>
     <span class='ocr_line' id='line_1_32' title="bbox 209 3739 632 3794; baseline 0 0"><span class='ocrx_word' id='word_1_238' title='bbox 209 3741 297 3794; x_wconf 87' lang='lat' dir='ltr'><strong>sedin</strong></span> <span class='ocrx_word' id='word_1_239' title='bbox 315 3740 410 3794; x_wconf 83' lang='grc'><strong>1111111</strong></span> <span class='ocrx_word' id='word_1_240' title='bbox 425 3739 564 3794; x_wconf 85' lang='lat' dir='ltr'><strong>&#39;sublatam</strong></span> <span class='ocrx_word' id='word_1_241' title='bbox 581 3741 632 3794; x_wconf 81' lang='lat' dir='ltr'><strong>est.</strong></span> 
     </span>
    </p>
   </div>
   <div class='ocr_carea' id='block_1_10' title="bbox 163 3861 1191 4120">
    <p class='ocr_par' dir='ltr' id='par_1_10' title="bbox 163 3861 1191 4120">
     <span class='ocr_line' id='line_1_33' title="bbox 163 3861 1191 3942; baseline -0.002 -22"><span class='ocrx_word' id='word_1_242' title='bbox 163 3861 185 3932; x_wconf 75' lang='lat' dir='ltr'><strong>&#39;l</strong></span> <span class='ocrx_word' id='word_1_243' title='bbox 213 3866 378 3942; x_wconf 69' lang='lat' dir='ltr'><strong>singularem</strong></span> <span class='ocrx_word' id='word_1_244' title='bbox 404 3866 537 3936; x_wconf 84' lang='lat' dir='ltr'><strong>quandam</strong></span> <span class='ocrx_word' id='word_1_245' title='bbox 565 3866 706 3922; x_wconf 76' lang='lat' dir='ltr'><strong>sententia</strong></span> <span class='ocrx_word' id='word_1_246' title='bbox 730 3865 842 3920; x_wconf 87' lang='lat' dir='ltr'><strong>mutatis</strong></span> <span class='ocrx_word' id='word_1_247' title='bbox 865 3863 969 3918; x_wconf 87' lang='lat' dir='ltr'><strong>casibus</strong></span> <span class='ocrx_word' id='word_1_248' title='bbox 996 3865 1191 3935; x_wconf 84' lang='lat' dir='ltr'><strong>perversionem</strong></span> 
     </span>
     <span class='ocr_line' id='line_1_34' title="bbox 208 3955 1189 4040; baseline -0.002 -28"><span class='ocrx_word' id='word_1_249' title='bbox 208 3958 388 4028; x_wconf 86' lang='lat' dir='ltr'><strong>interpolando</strong></span> <span class='ocrx_word' id='word_1_250' title='bbox 402 3957 653 4014; x_wconf 83' lang='lat' dir='ltr'><strong>factamostendam</strong></span> <span class='ocrx_word' id='word_1_251' title='bbox 663 3958 718 4014; x_wconf 87' lang='lat' dir='ltr'><strong>anis</strong></span> <span class='ocrx_word' id='word_1_252' title='bbox 727 3957 792 4040; x_wconf 82' lang='lat' dir='ltr'><strong>locis</strong></span> <span class='ocrx_word' id='word_1_253' title='bbox 809 3957 839 4010; x_wconf 90' lang='lat' dir='ltr'><strong>in</strong></span> <span class='ocrx_word' id='word_1_254' title='bbox 857 3955 997 4010; x_wconf 80' lang='lat' dir='ltr'><strong>Plutarchi</strong></span> <span class='ocrx_word' id='word_1_255' title='bbox 1006 3957 1101 4027; x_wconf 80' lang='lat' dir='ltr'><strong>Pyrrh.</strong></span> <span class='ocrx_word' id='word_1_256' title='bbox 1113 3972 1135 4010; x_wconf 89' lang='lat' dir='ltr'><strong>c.</strong></span> <span class='ocrx_word' id='word_1_257' title='bbox 1147 3959 1189 4019; x_wconf 83' lang='grc'><strong>16,</strong></span> 
     </span>
     <span class='ocr_line' id='line_1_35' title="bbox 209 4050 906 4120; baseline -0.003 -16"><span class='ocrx_word' id='word_1_258' title='bbox 209 4050 344 4115; x_wconf 80' lang='lat' dir='ltr'><strong>(dtrabone</strong></span> <span class='ocrx_word' id='word_1_259' title='bbox 362 4067 389 4120; x_wconf 85' lang='lat' dir='ltr'><strong>p.</strong></span> <span class='ocrx_word' id='word_1_260' title='bbox 408 4053 481 4117; x_wconf 75' lang='lat'><strong>228),</strong></span> <span class='ocrx_word' id='word_1_261' title='bbox 500 4050 591 4106; x_wconf 81' lang='lat' dir='ltr'><strong>Sanco.</strong></span> <span class='ocrx_word' id='word_1_262' title='bbox 609 4051 641 4103; x_wconf 90' lang='lat' dir='ltr'><strong>de</strong></span> <span class='ocrx_word' id='word_1_263' title='bbox 660 4052 742 4104; x_wconf 81' lang='lat' dir='ltr'><strong>const</strong></span> <span class='ocrx_word' id='word_1_264' title='bbox 761 4065 817 4120; x_wconf 86' lang='lat' dir='ltr'><strong>sap.</strong></span> <span class='ocrx_word' id='word_1_265' title='bbox 836 4051 861 4114; x_wconf 88' lang='lat'><strong>4,</strong></span> <span class='ocrx_word' id='word_1_266' title='bbox 881 4051 906 4106; x_wconf 82' lang='lat'><strong>3.</strong></span> 
     </span>
    </p>
   </div>
   <div class='ocr_carea' id='block_1_11' title="bbox 0 0 1478 4660">
    <p class='ocr_par' dir='ltr' id='par_1_11' title="bbox 0 0 1478 4660">
     <span class='ocr_line' id='line_1_36' title="bbox 0 0 1478 4660; baseline 0 0"><span class='ocrx_word' id='word_1_267' title='bbox 0 0 1478 4660; x_wconf 95' lang='lat' dir='ltr'><strong> </strong></span> 
     </span>
    </p>
   </div>
  </div>
 </body>
</html>
