3014 4666
279 254 339 318 286
709 257 770 312 Lib.
787 258 826 314 ΙΙ.

336 455 377 533 ΙΙ,
399 454 477 518 974;

321 551 477 642 τετράκις
497 565 547 632 εἰς
568 555 689 628 ἑκατόν
711 553 843 628 δεύοιτό
867 586 937 634 κεν,
961 565 995 628 εἴ
1014 588 1065 638 τις
1087 573 1209 630 &tonsu
1236 541 1241 550 ἱ

321 659 505 749 πεμπάζοι.
593 741 598 746 ,

337 771 385 836 De
406 771 532 838 flumine
559 770 759 836 multifariam
783 771 881 838 diuiso
902 773 980 840 mire
1002 772 1113 838 dicitm
1134 768 1295 840 δεύεσθαι

238 874 383 958 (lm'guri)
416 881 448 942 et
485 871 648 943 δεύεσθαι
684 880 733 948 εἰς
765 870 895 944 ἑκατόν.
940 879 1095 960 (Merkelii
1125 881 1298 946 coniectura

238 973 397 1064 τετράδος
411 983 488 1050 nihil
504 985 589 1050 iuret
610 1002 665 1048 nec
678 983 775 1051 111111
791 1003 915 1050 causam
932 984 1048 1062 habet)
1068 984 1202 1050 Rectum
1224 987 1298 1054 erit:

437 1081 590 1173 τετράκις
612 1092 661 1161 εἰς
682 1084 803 1154 exusto
824 1081 990 1156 οεάοιτά
1012 1113 1084 1164 κεν,
1246 1172 1249 1180 Ι

239 1193 268 1255 h.
294 1213 319 1256 1.
344 1194 376 1257 11
398 1195 637 1280 quadringentas
660 1197 764 1277 portes
786 1198 889 1260 ounnt
910 1197 942 1262 11
963 1215 996 1262 11
1018 1195 1181 1260 diffundet.

338 1299 381 1376 ΙΙ,
403 1301 475 1379 984,
498 1300 756 1384 quemadmodum
770 1301 796 1378 Ι,
818 1301 1011 1374 54611939,
1034 1301 1115 1366 mede
1128 1301 1299 1384 praepositio

243 1423 313 1476 eum
344 1406 435 1472 verbo
462 1406 587 1482 coaluit;
616 1406 811 1472 scribendum
833 1409 881 1472 est
902 1407 984 1472 enim
1006 1407 1055 1487 (de
1076 1406 1298 1472 Thermodonte

236 1507 355 1589 fluvioJ:

290 1605 425 1682 Πόντον
447 1623 481 1690 ἐς
495 1613 656 1693 Ἀξεινον
677 1613 806 1702 κορτην
835 1611 900 1683 ἀπ’
929 1610 1162 1704 ἐρεύγεται·
1177 1614 1298 1700 άκρην,

238 1719 266 1783 h.
289 1739 315 1784 e.
339 1725 511 1808 prorumpit
531 1726 666 1804 (eructat
685 1725 794 1808 eques)
822 1725 879 1790 sub
901 1743 1028 1789 curvum
1045 1721 1298 1808 promuntorium.

237 1825 281 1888 En
304 1827 406 1892 minus
427 1829 486 1892 loci
509 1831 557 1894 est
577 1829 752 1894 Ruhnkenii
773 1829 951 1894 coniecturae
972 1825 1088 1914 ἄχνην.

338 1932 380 2010 Π,
403 1934 493 1996 1171.
546 1935 643 2014 Mire,
681 1954 752 2000 oum
784 1935 1040 2000 commemoretur
1073 1953 1127 1998 aro
1160 1934 1217 2001 sub
1250 1932 1299 1998 dio

241 2039 325 2104 extre
347 2038 498 2122 templum
520 2042 688 2118 exstructa,
715 2041 819 2124 ipsum
840 2039 992 2122 templum
1013 2039 1079 2104 sine
1100 2019 1184 2104 11111
1206 2038 1299 2102 fuisse

239 2139 350 2206 dieitur
371 2139 477 2222 (ἐκτός
499 2139 683 2230 ἀνηρεφέος
706 2148 787 2210 πέλε
809 2147 918 2229 νηοῦ),
939 2147 976 2210 ut
989 2146 1075 2212 nullu
1093 2143 1186 2210 fuerit
1207 2160 1300 2208 causa
1408 2199 1416 2214 .

238 2263 324 2310 aram
346 2250 432 2316 11111
453 2251 638 2316 exstruendi.
682 2251 753 2318 Sine
776 2251 868 2318 dubio
890 2253 981 2334 poete
1002 2250 1184 2334 scripserat:
1220 2281 1223 2288 ·

590 2351 686 2429 ἐκτάς
708 2351 939 2442 εάηρεφέος
962 2359 1042 2422 πέλε
1065 2357 1158 2442 νηοῦ.

238 2461 394 2528 Librarius
416 2463 448 2526 11
471 2463 606 2534 offensus
628 2487 667 2528 εν
689 2465 825 2546 correpto
856 2465 889 2528 11
914 2463 954 2530 ed
978 2462 1166 2536 sententiam
1191 2477 1298 2544 perum

239 2565 375 2632 attentus
398 2559 583 2651 ἀνηρεφέος
605 2569 713 2634 effecit.
1003 2561 1010 2569 ⁸

337 2672 380 2750 Π,
403 2673 509 2752 12511ι

284 2771 346 2843 τάν
377 2781 443 2862 μὲν
475 2774 549 2856 (τάν
579 2774 710 2866 otrodo)
743 2773 795 2846 ἐπ’
827 2772 1017 2866 ἀκροτάτης
1049 2778 1124 2849 ἴδον
1156 2787 1299 2859 ἕσπερον

737 2899 739 2902 ’
998 2937 1003 2946 .
1067 2879 1139 2962 ὀξέϊ
1156 2883 1252 2970 ῥοίζῳ

262 3053 265 3060 ,
286 2983 368 3073 νηάε
389 2983 660 3074 ὑπερπτάμενον
681 2995 809 3078 νεφέων
831 2985 957 3078 σχεδόν.

338 3094 447 3180 Neque
468 3105 613 3180 ἕσπερον
634 3099 827 3174 accusativus
849 3097 923 3182 quid
937 3097 997 3164 sibi
1014 3096 1090 3164 velit
1104 3097 1136 3160 ct
1150 3092 1299 3178 quomodo

241 3219 311 3266 eum
342 3201 469 3284 reliquis
503 3203 673 3283 cohaereat,
704 3205 912 3290 intellegitur,
946 3219 1044 3294 neque
1079 3199 1152 3286 quid
1180 3200 1223 3267 sit
1247 3191 1300 3263 ἐπ’

240 3297 431 3392 ἀκροτάτης
452 3307 746 3386 sine-substantivo3
768 3330 842 3376 nem
857 3327 928 3374 cum
949 3301 1030 3390 νηός
1053 3306 1196 3392 coniungi
1216 3305 1301 3371 nullo

240 3414 329 3494 pecto
350 3414 463 3507 potest,
492 3414 574 3496 qnod
594 3414 708 3500 pendet
727 3413 769 3480 'sb
790 3407 1078 3501 ὑπερπτάμενον,
1109 3430 1206 3496 neque
1227 3429 1301 3476 sune

241 3519 352 3602 aquile,
385 3538 451 3602 quae
473 3525 601 3602 νεφέων
625 3513 743 3607 σχεδόν
764 3521 902 3596 volebat,
932 3512 985 3584 ἐπ’
1007 3511 1197 3602 ἀκροτάτης
1220 3510 1301 3601 νηός

241 3617 495 3706 conspiciebatur.
540 3624 741 3691 Scribendum
762 3627 827 3692 est:
1236 3611 1240 3618 ’

304 3730 366 3794 τόν
386 3733 453 3814 μὲν
473 3725 527 3796 ἐπ’
548 3725 736 3822 ἀκροτάτης
760 3729 835 3796 ἴδον
857 3732 1033 3815 ἑσπέρον
1054 3723 1125 3805 άξὲὶ·
1142 3729 1238 3814 ῥοίζῳ

304 3829 387 3919 νηάς
409 3829 689 3924 ὑπερπτάμενον.
729 3851 737 3862 ’
1061 3917 1065 3928 .

342 3941 478 4026 Tempus
500 3927 706 4028 significatum
729 3941 834 4030 itaque
852 3940 988 4028 sequitur
1003 3937 1040 4004 de
1054 3939 1191 4004 insecuta
1213 3940 1301 4004 nocte

241 4061 269 4106 1.
285 4042 366 4105 1260
388 4042 545 4134 ἐννύχιοι.
573 4045 747 4132 Ἕσπερος
772 4048 919 4114 feminino
941 4062 1052 4130 genere
1072 4045 1121 4110 est
1141 4043 1194 4122 IV,
1213 4043 1301 4116 1290,
