3004 4676
637 295 697 352 Lib.
716 296 763 352 1v.
1129 295 1188 358 521

166 497 313 583 graphica
337 495 493 562 animuin
519 493 774 560 intervenientem
801 495 908 562 multis
930 494 1031 562 modis
1055 494 1232 562 Graeeerum

166 605 435 685 Romanarumqne
466 619 570 666 rerum
602 599 837 682 litterarumque
875 601 1063 666 mentionem
1099 600 1230 666 intente.

167 709 228 775 Sed
249 709 379 785 sensim,
411 707 545 772 mcume
570 705 643 770 inde
669 724 689 768 n
719 705 796 770 libro
809 704 985 772 undecimo
1011 705 1140 770 celerius
1168 707 1232 790 legi

165 807 325 897 mutoque
345 813 491 896 pauciore
511 811 666 878 annotavi.
709 809 795 874 Duos
816 811 930 891 primns
952 811 1047 876 libros
1069 814 1160 878 entes
1180 812 1230 878 hic

167 920 403 1002 illicinspectes
418 919 588 1001 postremos
602 916 674 1000 legi.
710 913 905 980 Strabonieni
925 916 1024 1000 operis
1049 917 1232 986 emendandi

166 1026 304 1092 subsidia
329 1025 500 1090 Krcmerus
528 1021 764 1106 diligentissime
791 1021 976 1104 conquisivit
1005 1021 1231 1104 prudenterque

167 1133 200 1197 et
224 1132 315 1198 ceute
348 1130 386 1194 de
415 1127 569 1194 codicibus
602 1126 792 1195 estimandis
823 1127 982 1205 disseruit,
1017 1145 1146 1210 quorum
1181 1129 1232 1194 vel

166 1238 275 1322 optimi
308 1236 353 1310 (in
375 1235 473 1317 priore
494 1235 581 1316 perte
599 1233 681 1307 AB,
713 1232 745 1296 in
765 1233 863 1298 altera
884 1232 1001 1309 ΗΒΕ)
1040 1233 1168 1316 entique
1200 1236 1232 1300 et

166 1345 272 1428 grevia
289 1341 416 1410 ,menda
448 1338 578 1416 hebent;
618 1337 650 1402 in
686 1338 754 1420 ipse
785 1337 921 1402 cretione
954 1338 1168 1405 constituenda
1200 1343 1231 1405 et

167 1448 359 1516 emendenda
389 1445 449 1512 etsi
469 1463 537 1530 'non
563 1462 661 1526 pauca
685 1463 759 1509 rere
779 1443 913 1520 invenit,
944 1445 1133 1510 tamennon
1162 1463 1230 1512 rere

165 1555 267 1620 minus
288 1553 384 1618 libero
410 1550 522 1616 iudicio
548 1567 623 1614 usus
650 1548 763 1614 menda
784 1567 802 1612 a
824 1546 920 1612 Corae
943 1550 1113 1616 autetiam
1137 1549 1231 1616 Gros-

166 1659 276 1725 lrurdio
304 1657 518 1724 animadversa
549 1657 581 1720 et
608 1654 722 1736 pertint
752 1654 874 1732 sublate
903 1652 1040 1720 defendit
1074 1655 1230 1722 interdum

165 1765 267 1848 pravis
289 1761 450 1828 enarrandi
471 1759 607 1826 artificiis
630 1762 661 1824 et
682 1759 836 1842 fingendo.
876 1757 978 1822 Multa
998 1759 1130 1826 feliciter
1151 1762 1231 1827 Mei-

166 1869 274 1936 nekius
299 1867 446 1942 correrit3
471 1885 508 1932 ex
527 1865 577 1942 iis,
599 1883 666 1947 quae
686 1863 714 1928 is
737 1882 857 1946 quoque
882 1864 936 1928 aut
956 1865 1082 1948 reliquit
1102 1871 1158 1932 eut
1171 1886 1230 1932 non

165 1977 251 2042 recte
274 1973 437 2057 expedivit,
459 1970 635 2054 queuntis
656 1969 798 2034 videmur
817 1971 900 2034 recte
924 1969 1180 2038 animadvertisse
1199 1976 1232 2040 et

166 2079 356 2154 emendasse,
378 2096 445 2162 age,
467 2075 730 2160 persequemur.¹)

266 2185 373 2252 niul
400 2205 430 2267 p.
452 2183 473 2244 4
494 2181 665 2248 Cesaubeni
686 2180 725 2262 (c.
752 2180 769 2240 1
793 2179 811 2263 §
833 2182 882 2258 7):
911 2182 993 2254 Τοῖς
1019 2175 1085 2266 ya'n
1108 2185 1229 2267 πέρασι

165 2291 261 2371 (πᾶσι
283 2291 367 2356 rente
388 2307 449 2354 om.
464 2286 541 2366 Be)
564 2280 704 2370 συνήθη
727 2287 814 2372 λέγει
837 2280 898 2352 τὸν
919 2278 1108 2362 Ὠκεανὸν,
1131 2285 1172 2354 τοὶ
1196 2289 1231 2356 δὲ

165 2400 295 2480 πέρατα
319 2389 427 2479 κύκλῳ
450 2392 648 2478 περίκειται.
679 2384 1082 2476 ΝἰίιίΙοεοσννήθηςσοῑς
1097 2397 1230 2479 πέρασι.

165 2502 246 2570 Ser:
271 2503 484 2586 συνῆφθαι
506 2494 668 2585 λέγεινόν
680 2489 865 2566 Ὠκεανόν.
889 2496 1230 2579 cu.p.8‚e.1‚15men

265 2605 365 2676 Indu
387 2609 428 2685 (1,
449 2605 500 2683 9):
529 2597 652 2688 Ἡμεῖς
675 2603 710 2668 δὲ
731 2597 792 2666 τόν
812 2606 878 2683 μὲν
899 2603 1004 2668 πλείω
1027 2597 1130 2688 λόγον
1151 2608 1230 2691 περὶ

165 2716 228 2782 τοῦ
249 2708 401 2780 αἰιιανσῦ
425 2761 432 2776 .
455 2762 463 2778 .
488 2753 496 2774 ·
522 2714 571 2783 eie
593 2699 828 2776 Ποσειδώνιον
850 2701 1126 2794 α’ναβαλλόμσθα
1150 2757 1230 2788 ...,

166 2820 290 2893 ἱκανοῖς
312 2809 606 2902 διακρατήσαντας
635 2809 698 2882 ede
727 2815 805 2898 περὶ
838 2807 971 2882 τούτων
1004 2810 1117 2900 λόγον.
1169 2812 1231 2884 Pru
1268 2801 1270 2805 ¹

165 2928 308 3009 corrupto
341 2916 633 3008 διακρατήσαναας
668 2919 759 2988 scrib.
797 2911 1117 3004 διαισήσανσας.
1167 2921 1229 2991 Ost.

165 3051 196 3114 p.
219 3033 259 3094 14
281 3030 366 3104 extr„
389 3028 439 3104 94,
465 3027 524 3092 103
547 3030 579 3094 et
600 3026 720 3108 sepius.
765 3043 769 3052 ’

265 3137 334 3202 lbd.
357 3133 463 3200 eadem
490 3153 558 3218 pag.
593 3133 725 3212 (1,10);
774 3132 954 3216 Αἴγυπτος
986 3132 1042 3198 uui
1076 3133 1229 3217 Φοινίκη,

166 3243 240 3324 ἑξῆς
262 3243 296 3308 δὲ
320 3237 342 3326 ἦ
367 3240 544 3324 σοι’ριξσῆο
564 3233 731 3322 Κύπρου,
753 3237 826 3304 εἶτα
850 3231 1002 3324 Σόλυμοι
1025 3239 1080 3313 οιαὶ
1102 3235 1229 3308 Λύκιοι

167 3351 221 3414 καὶ
250 3348 376 3432 Κᾶρες.
435 3344 540 3429 Πέριε
572 3344 634 3428 τῆς
657 3336 805 3429 Κύπρου
836 3343 922 3416 nulle
953 3346 1002 3410 est
1033 3363 1105 3427 pers
1128 3345 1229 3426 huin,

166 3473 260 3537 quem
281 3453 391 3520 Strnbn
413 3451 619 3535 persequitur,
646 3467 713 3516 orae.
769 3447 884 3517 ecrit:
921 3443 943 3534 ἠ
977 3452 1107 3534 ποσαί
1115 3477 1136 3517 α
1168 3453 1230 3536 τῆς

167 3553 323 3644 Κύπρον,
352 3577 424 3640 pers
445 3555 630 3623 continentis
653 3554 753 3640 Cypro
774 3555 904 3634 obiecta,
936 3575 1003 3638 quae
1025 3557 1152 3624 confinis
1173 3557 1230 3624 Sn-

199 3913 220 3982 ¹)
238 3913 365 3984 Exemplo
382 3913 494 3969 Parisiis
512 3913 582 3984 repud
593 3913 723 3970 Didotum
745 3915 818 3970 edito
836 3915 994 3972 eMuellero
1011 3915 1054 3970 uti
1071 3931 1125 3970 non
1143 3915 1228 3984 potui,

237 4024 268 4062 er
291 4023 344 4076 quo
366 4005 435 4062 mihi
460 4021 522 4062 cese
549 4006 669 4062 innotuit
695 4007 804 4077 egregie
830 4009 859 4064 in
877 4009 941 4065 libr.
959 4009 1003 4064 111
1021 4025 1049 4078 p.
1067 4004 1119 4064 155
1143 4009 1180 4076 (3,
1200 4011 1230 4078 7)

237 4099 397 4154 emendatio.
