2954 4664
307 297 365 356 154
603 271 606 276 ’
743 296 801 351 me
821 297 844 352 1.

261 497 418 578 probabile
442 501 508 562 erat
529 497 567 561 de
589 498 713 562 alumno
734 495 819 558 scire.
872 496 908 560 ln
930 497 1048 561 infante
1071 499 1149 562 altor
1180 500 1243 569 ost,
1273 494 1325 578 qui

261 607 333 686 post
353 603 579 687 paedagogus²).

265 715 271 723 '
359 710 411 788 (L)
439 709 517 773 Cum
537 707 865 790 nominibuspropriis
892 709 938 772 ita
964 708 1116 772 coniuncti
1136 710 1209 772 sunt
1229 707 1324 771 libro·

132 835 134 842 ·
262 823 330 878 rum
352 814 447 891 tituli,
473 816 569 882 etiam
592 814 723 896 quadam
747 813 867 876 errandi
889 816 1133 896 opportunitate,
1160 814 1324 877 uteorum

261 919 490 984 obscuratorum
519 922 572 984 aut
603 939 665 984 uon
699 917 980 982 animadversorum
1010 919 1071 982 tria
1102 919 1241 999 exempla
1272 917 1324 982 hio

261 1024 428 1108 adiungere
451 1025 629 1108 appendicis
660 1025 727 1088 looo
757 1023 862 1087 libeat.
916 1025 1029 1087 Eorum
1056 1023 1192 1106 primum
1221 1023 1323 1087 estin

260 1131 420 1194 Plutarchi
442 1131 649 1195 Demosthene
679 1147 704 1194 o.
729 1129 784 1206 28,
811 1127 865 1192 ubi
892 1129 936 1193 sio
961 1129 1078 1194 editur:
1116 1124 1323 1212 Ἕρμιππος

262 1235 294 1300 δὲ
318 1231 379 1300 τόν
399 1229 543 1322 Ἀρχίαν
566 1243 602 1300 ἐν
623 1248 695 1307 τοῖς
714 1235 889 1317 Λακρίτου
910 1236 972 1300 τοῦ
993 1229 1133 1319 ῥήτορος
1153 1230 1324 1319 μαθητήν

141 1379 144 1386 ·
260 1327 460 1428 ᾰναῳράῳει.
481 1343 589 1425 Δ,(διείδ
616 1341 683 1405 vitii
711 1344 808 1418 esset,
836 1341 1069 1423 interpolatores
1096 1342 1323 1418 intellexerunt,

261 1469 391 1532 quorum
408 1451 459 1532 qui
474 1449 608 1513 codicem
624 1446 647 1511 C
663 1447 795 1528 scripsit,
816 1447 848 1510 in
871 1466 929 1529 quo
949 1447 1112 1530 multiplex
1132 1468 1191 1514 nec
1211 1448 1323 1512 inscita

260 1556 405 1620 eorrectio
427 1557 484 1632 est,
508 1561 544 1618 ἐν
566 1566 636 1624 τοῖς
656 1552 791 1629 sustulit,
814 1552 876 1629 alii,
900 1571 973 1635 quos
986 1553 1096 1618 Coraes
1119 1557 1242 1619 secutus
1263 1557 1321 1631 est,

258 1669 437 1746 ,μαθηταῖς
458 1661 690 1724 substituerunt.
726 1658 910 1721 Plutarchus
924 1659 1100 1739 scripserat:
1116 1655 1323 1742 Ἕρμιππος

260 1767 293 1831 δὲ
316 1763 377 1832 τόν
398 1761 540 1852 Ἀρχίαν
563 1771 599 1830 ἐν
620 1766 711 1864 βίοις
733 1762 909 1846 Λακρίτου
932 1789 960 1828 τ.
984 1768 1012 1848 ῥ.
1045 1760 1214 1848 μαθητήν
1235 1759 1323 1830 α’νσ-

258 1866 390 1958 ῳροίῳει.
444 1872 634 1937 Notissimus
668 1871 716 1935 ost
737 1870 843 1946 lber,
876 1870 986 1951 quiet
1013 1871 1079 1934 sine
1112 1871 1241 1935 articulo
1269 1871 1323 1953 (ἐν

257 1980 365 2062 βίοις)
378 1979 512 2050 citatus
522 1979 603 2042 et'so
623 1991 694 2050 τοῖς
707 1977 751 2060 pri
758 2001 775 2039 ο
785 2001 795 2038 ι
804 2000 830 2048 ς,
851 1977 887 2038 ut
902 1977 951 2043 ter
961 1976 1041 2057 apud
1054 1976 1141 2060 Diog.
1152 1977 1320 2050 Laertium,

258 2082 527 2166 (quemadmodum
551 2084 631 2165 apud
645 2083 829 2147 Athenaeum
843 2079 1009 2145 Clearchus
1025 2083 1057 2145 et
1071 2087 1108 2146 ἐν
1129 2081 1174 2168 τῷ
1197 2076 1321 2169 πρώτῳ

257 2191 325 2255 τείν
343 2189 430 2274 βίων
441 2189 486 2252 Vr
495 2209 524 2270 p.
533 2190 592 2250 234
608 2189 677 2252 ret
693 2189 837 2254 similiter
849 2188 932 2263 alibi,
954 2187 1009 2250 sed
1025 2193 1061 2251 ἐν
1077 2189 1218 2274 δεντίρῳ
1233 2191 1322 2272 βίων

256 2296 335 2377 IVp.
349 2296 405 2354 157
420 2294 452 2371 C,
475 2295 534 2358 XV
544 2295 639 2376 posi
651 2294 685 2371 O,
708 2301 743 2360 ἐν
765 2290 912 2380 τετάρτῳ
935 2294 1022 2376 βίων
1043 2293 1106 2358 XII
1118 2315 1148 2378 p.
1165 2297 1265 2359 5141)
1289 2299 1322 2362 st

256 2400 295 2463 ad
325 2400 456 2463 eundem
486 2399 611 2464 modum
644 2400 738 2478 alibi).
797 2399 943 2482 Alioquin
965 2400 1056 2464 facile
1078 2403 1144 2467 erat
1165 2421 1220 2483 pro
1248 2415 1321 2475 τοῖς

256 2507 388 2571 scribere
410 2519 482 2577 τοῖς
503 2505 602 2590 βίοις.

360 2613 424 2689 (Ll)
447 2611 540 2694 Apud
551 2611 773 2676 Philostratum
795 2610 827 2673 in
852 2610 924 2675 vitis
947 2609 1160 2691 sophistarum
1178 2613 1202 2691 Ι,
1227 2617 1276 2692 22,
1301 2618 1318 2676 2

255 2719 299 2782 siu
321 2717 516 2783 scribendum
539 2719 601 2782 est:
635 2713 776 2791 Διεξιοίν
797 2709 862 2802 γοίρ
885 2707 1077 2792 (Διονύσιος
1100 2711 1318 2803 όΜιλήοιος)

255 2820 316 2889 τείν
338 2829 570 2908 Δημοσθένην
591 2817 652 2886 τείν
681 2819 768 2906 μετιί
795 2815 1014 2907 Χαιρώνειαν
1036 2807 1256 2911 προσάγοντα
1275 2828 1319 2914 τῇ

253 2933 365 3017 βουλῇ
388 2925 510 2994 ἑαυτόν
532 2929 627 3010 (prius
649 2929 707 2993 hoc
729 2930 776 2992 est
797 2929 1030 2994 declamationis
1052 2929 1167 3009 thema,
1190 2933 1229 2996 ab
1252 2933 1320 2998 edi-

253 3037 370 3101 toribus
389 3034 651 3113 animudvsrsum)
675 3039 708 3106 ἐς
729 3027 830 3118 τήνδε
853 3031 919 3119 τήν
939 3036 1115 3122 μονῳδίαν
1130 3027 1191 3103 τοῦ
1214 3031 1319 3124 λόγον

253 3135 510 3225 (εοετδνλόγσν)
525 3135 751 3224 ἐτελεύτησεν·
767 3133 1016 3225 μίΧαιροίνεια
1030 3140 1185 3227 πονηρόν
1195 3146 1319 3230 χωρίον

254 3249 307 3311 καί
321 3240 433 3310 πάλιν
449 3239 714 3330 αὐτομολήσασα
738 3241 824 3329 ιιρός
846 3243 927 3320 ‘corio
943 3240 1142 3333 βαρβάρους
1155 3251 1316 3315 Βοιωτία·

254 3358 305 3426 (et
333 3352 481 3417 Boeotia
513 3351 655 3416 iterum
689 3351 734 3415 ad
767 3353 951 3418 barbaros
985 3356 1250 3440 transgressa,
1283 3359 1318 3422 ut

253 3461 325 3523 ante
347 3458 450 3522 fecisti
471 3458 553 3522 hello
574 3457 714 3536 Persico;
741 3459 833 3542 vulgo
856 3460 910 3523 καὶ
939 3454 1046 3524 radico
1073 3481 1091 3528 a
1119 3461 1219 3526 verbis
1250 3463 1317 3527 fiot'

250 3564 468 3652 Demosthenis
504 3565 682 3645 separantur
691 3570 711 3641 3)
748 3559 927 3640 στενάξατε
950 3569 983 3630 οἱ
1005 3561 1090 3630 nuso?
1112 3561 1181 3652 γῆς’
1196 3563 1318 3652 ἥρωες,

253 3665 353 3757 ἐγγύς
365 3670 551 3735 ,Πλαταιῶν
569 3662 814 3752 νενιιήμεθα“,
843 3697 882 3736 ιια

251 3779 368 3860 μένοις
391 3779 445 3841 ἐπὶ
469 3777 513 3861 τῷ
535 3785 787 3859 μισθοφορεῖν·
821 3769 1006 3862 ηἈρκοίσιν
1029 3773 1136 3864 α’γοροί
1161 3781 1318 3863 πολέμου

253 3871 437 3966 πρόκειται
459 3885 513 3947 καί
545 3876 587 3947 ια’
618 3882 686 3947 τῶν
714 3875 891 3967 Ἑλλήνων
921 3881 1005 3949 κακοί
1037 3879 1103 3969 τήν
1124 3877 1317 3969 Ἀρκαδίαν

286 4095 309 4163 ¹)
328 4099 398 4153 Arm.
417 4097 511 4166 philol.
530 4099 600 4155 Dan.
618 4101 643 4154 V
660 4117 687 4170 p.
705 4103 740 4157 23
758 4103 787 4155 et
802 4103 861 4158 160.
