3014 4666
649 277 709 334 Lib.
728 277 766 332 ΙΙ.
967 223 970 228 Ι
1143 278 1202 340 221

318 469 362 548 ὥς
383 469 492 543 αὐτίκ’
509 474 639 563 Ἀργος
661 469 684 560 ῇ
707 469 745 540 τό
771 475 953 559 Καδμεῖοι
970 475 1078 542 ,πέδον
1109 487 1117 500 “

319 583 404 670 τιμῇ
429 585 582 658 καθέξων
604 576 626 667 ῇ
651 575 739 664 πρός
765 575 915 664 οὐρανόν
935 583 1057 667 deficio.
1144 655 1147 664 A

285 685 337 750 Sic
361 689 456 764 codex
477 689 647 754 Mediceus.
689 687 828 752 Primum
852 687 1053 752 menifestum
1074 689 1131 764 est,
1152 686 1246 769 Poly-

183 792 261 856 nicis
289 793 417 858 consilis
437 813 497 860 non
521 813 556 860 eo
583 794 737 877 spectare,
765 793 801 856 ut
826 792 892 874 ipse
920 791 1036 874 aliquid
1057 791 1164 871 (idem)
1192 792 1248 856 aut

183 897 277 982 Argis
299 900 354 963 aut
376 898 490 964 Thebis
513 899 645 977 efficiet,
672 918 738 975 neo,
766 897 913 981 quioquid
934 897 973 961 de
994 896 1123 980 singulis
1145 895 1247 960 verbis

183 1003 255 1077 fiat,
290 1002 355 1068 haec
385 1003 445 1068 duo
475 1005 557 1070 inter
591 1024 625 1070 se
652 1003 805 1070 contrarie
831 1004 915 1090 τιμῇ
944 1004 1096 1076 καθέξων
1117 993 1139 1084 ἢ
1160 994 1246 1082 πρὸς

136 1167 139 1173 .
184 1100 335 1191 οὐρανόν
365 1109 477 1194 deficio
504 1110 544 1174 ad
564 1109 742 1194 Polynicem
762 1109 875 1174 referri
888 1126 986 1192 posse.
1037 1108 1131 1172 Recte
1151 1104 1263 1188 igitur
1332 1153 1335 1160 ,

183 1213 377 1278 intellectum
400 1215 447 1278 est
474 1212 641 1297 significari
662 1215 819 1280 certamen
841 1214 922 1280 inter
942 1214 1044 1298 Argos
1066 1212 1248 1294 Thebasque

183 1319 216 1382 et
236 1319 409 1384 subiectum
431 1318 591 1384 sententiaa
618 1337 686 1384 esse
704 1315 834 1404 ’Ἄργος
855 1318 1076 1402 participiaque
1096 1317 1128 1381 in
1142 1337 1172 1382 v.
1184 1316 1244 1378 381

183 1425 284 1490 neutri
307 1424 428 1508 generis
451 1442 535 1500 esse,
565 1425 600 1488 ut
620 1423 768 1490 hactenus
790 1425 873 1488 recte
894 1425 926 1488 in
948 1423 1053 1488 codiee
1073 1441 1134 1488 uno
1155 1421 1246 1486 Pari*

184 1529 277 1594 aiensi
310 1529 458 1612 scripturn
492 1529 534 1594 sit
566 1533 730 1606 καθέξοι,
764 1529 843 1612 quod
869 1529 1044 1611 corruptum
1079 1527 1141 1602 est,
1176 1526 1248 1608 quic

183 1635 295 1719 βιβώτ
305 1634 468 1700 masculini
479 1635 601 1719 generis
616 1635 753 1718 speciem
765 1635 936 1710 otiosorum
958 1631 1119 1716 Polynices
1130 1631 1246 1696 bellum

183 1741 334 1804 instruere
349 1739 461 1807 dicitur
473 1759 509 1806 ea
520 1760 574 1825 spe
595 1741 687 1824 atque
699 1759 735 1804 eo
752 1740 888 1818 oonsilio,
909 1742 945 1806 ut
957 1739 1035 1822 Argi
1049 1737 1170 1802 Thebas
1192 1740 1247 1802 aut

184 1847 327 1910 honore..
339 1847 385 1922 ¹(i)
397 1847 451 1910 aut
465 1845 505 1910 sd
514 1847 625 1911 ooelum
634 1863 757 1910 sursum
769 1846 926 1910 extollant.
952 1846 1091 1928 Apparet
1100 1844 1246 1927 primum,

183 1969 280 2034 neque
301 1969 356 2032 per
384 1969 417 2014 se
447 1950 487 2032 ad
515 1951 624 2016 celum
651 1950 782 2016 tollendi
813 1951 927 2016 notioni
952 1952 1034 2016 recte
1060 1947 1245 2014 contrarium

183 2057 254 2138 poni
276 2058 444 2140 κατέχειν,
473 2057 506 2120 et
532 2075 605 2122 voce
632 2056 715 2142 τιμῇ
746 2055 875 2134 excludi,
899 2055 1042 2138 quioquid
1062 2054 1183 2137 proprie
1204 2053 1257 2132 ad¹

183 2160 347 2244 imperium
376 2161 408 2226 et
434 2159 673 2226 dominationem
703 2160 871 2242 pertineat,
905 2161 1015 2228 deinde
1049 2179 1108 2226 non
1143 2160 1245 2224 miuus

183 2266 347 2332 manifesto
368 2267 468 2330 totam
489 2265 658 2350 imaginem
679 2265 806 2332 ductam
829 2285 896 2332 esse
919 2285 938 2330 a
958 2266 1084 2345 trutina,
1106 2267 1138 2330 in
1160 2265 1246 2330 cuius

183 2372 322 2439 lancibus
344 2372 473 2454 utaque
493 2371 567 2436 orbs
588 2371 745 2455 gloriaque
768 2372 833 2436 eius
847 2371 994 2454 imposita
1004 2371 1102 2436 altera
1112 2372 1243 2436 alteram

184 2477 284 2542 elevet
306 2477 361 2539 aut
384 2475 544 2559 deprimat.
588 2475 718 2559 Scripsit
740 2476 904 2560 Sophocles
925 2495 988 2540 una
1007 2477 1113 2542 littera
1130 2476 1216 2559 plue:

274 2582 358 2669 τιμῇ
381 2584 588 2658 sedilios
609 2578 632 2666 ῇ
650 2577 742 2666 πρὸς
763 2575 914 2666 οὐρανόν
934 2583 1058 2666 papea.
1222 2669 1224 2676 Α

282 2685 1245 2772 Elouetioetsublatiosummahyparbolicesignifieatnrverbis

184 2786 271 2876 πρός
288 2785 446 2876 οὐρανόν.
481 2792 627 2860 Ceterum
648 2793 732 2881 τιμῇ
750 2792 1127 2876 νιιαθέλιιιινΚαδμιῑοτ
1142 2789 1246 2854 πέδον

183 2897 346 2981 Sophocles
374 2899 479 2980 aperte
502 2899 597 2982 (quod
624 2899 657 2964 et
682 2917 718 2964 ex
747 2898 865 2966 adiecto
891 2899 975 2987 τιμῇ
998 2897 1189 2980 intellegitur
1209 2896 1244 2960 et

183 3003 262 3087 qnod
283 3005 340 3068 hoc
360 3003 493 3087 priorem
513 3005 546 3070 in
568 3024 622 3091 spe
643 3005 675 3070 et
696 3005 835 3088 opinione
847 3005 1001 3088 Polynicis
1021 3004 1125 3068 locum
1144 3001 1244 3077 tenet)

181 3110 321 3194 intellegi
348 3109 447 3174 voluit
468 3109 512 3192 de¹
526 3110 620 3194 Argis
648 3110 768 3176 Thebas
798 3110 1024 3192 superantibus.
1073 3106 1115 3191 Et
1139 3105 1245 3170 tamen

183 3215 226 3280 sio
245 3215 395 3300 premitur
417 3215 450 3280 et
470 3215 604 3280 subsidit
623 3215 822 3300 Argivorum,
843 3235 905 3280 non
925 3216 1141 3284 Thebanorum
1161 3212 1243 3275 lanx.

183 3319 243 3384 Sed
265 3319 379 3384 accidit
399 3321 569 3400 veteribus,
595 3322 631 3386 ut
655 3322 688 3386 in
709 3321 767 3386 hcc
790 3321 1018 3403 comparatione
1043 3319 1082 3384 ad
1103 3319 1243 3383 homines

183 3424 302 3508 aliaque
336 3424 373 3488 de
406 3425 581 3508 principatu
614 3427 764 3492 cenanm
805 3426 1018 3492 tansferende
1057 3421 1245 3488 contrudant

182 3529 279 3594 laneis
300 3531 421 3596 motum
445 3537 477 3596 st
497 3532 630 3608 hominis
652 3531 751 3608 reive3
773 3551 845 3598 nam
869 3533 935 3597 haec
955 3529 1152 3604 extolluntur,
1175 3545 1244 3592 cum

181 3634 252 3699 lanx
273 3635 416 3700 subsidit.
453 3636 580 3700 Prorsus
600 3637 707 3701 eodem
729 3637 821 3703 modo
834 3637 938 3702 Cicero
954 3637 1007 3702 fin.
1028 3637 1068 3714 V,
1090 3634 1130 3696 92
1153 3631 1243 3696 dixit:

182 3741 326 3804 terram
364 3759 406 3804 ea
442 3741 532 3806 lanx
565 3742 603 3806 et
640 3742 765 3806 maria
809 3741 1005 3824 deprimet
1046 3741 1243 3818 (καθέλξειμ

180 3845 301 3928 proprie
323 3864 377 3911 suo
400 3843 535 3928 pondere
557 3845 714 3912 elevatura
743 3847 810 3912 eret
838 3839 935 3928 (πρὸς
964 3839 1113 3928 ου’ραιιότ
1133 3845 1241 3930 βιβᾷ).

179 3949 381 4033 indidemque
393 3949 522 4016 Ovidius
533 3952 740 4030 metamvll,
756 3953 816 4013 449
830 3952 918 4017 dixit:
938 3951 1043 4017 facto
1063 3953 1244 4034 premant
