2944 4660
306 262 348 326 80
748 237 849 322 sanyr.

264 459 364 524 scriba
393 460 542 538 vocabuli,
575 461 653 543 quod
681 461 735 525 'est
771 464 1034 552 propositum,
1069 483 1160 530 usum
1181 465 1326 548 ignorans

265 565 491 630 substantivum
521 565 720 662 desiderarit,
743 559 797 650 pro
831 569 956 634 maius
981 569 1131 652 scriptum
1153 572 1203 635 est
1223 557 1325 636 transss

262 670 426 752 fusumque
456 671 487 734 in
523 657 638 764 ceteros
670 691 776 744 omnes
809 674 929 750 codices
962 694 1113 752 munus;
1149 675 1258 740 deinde
1281 677 1326 760 -ot

264 775 324 840 alia
337 778 424 874 nata
451 777 483 862 et
503 778 676 841 monstrum
703 779 796 856 illud,
828 779 908 862 quod
928 780 1096 846 Merkelius
1115 782 1233 863 posuit:
1271 783 1329 846 in-,

264 881 415 946 stru'nit
440 867 629 946 remorari
650 884 815 954 Tartara
835 883 1006 952 munus.¹
1058 945 1060 950 ,
1174 944 1176 952 ,

296 997 298 1004 ’
324 974 455 1078 Ἰξειᾴαθ
476 988 553 1064 haec,
574 990 610 1051 ut
626 988 701 1066 dixi,
722 989 755 1052 in
777 990 909 1072 antiquis
930 991 1099 1070 codicibus,
1122 993 1149 1058 si
1170 1011 1324 1060 summam

264 1093 394 1175 spectes,
417 1111 486 1156 rara
507 1094 579 1157 sunt
601 1094 643 1170 (in
655 1094 870 1164 nonnullorum
880 1095 984 1158 tamen
1004 1097 1188 1178 scriptorum
1211 1099 1325 1164 codici-

263 1199 331 1275 bus,
343 1200 379 1262 ut
388 1198 549 1264 Plutarchi
564 1199 596 1262 et
607 1195 741 1316 Senecas,
752 1200 865 1277 minus)
887 1203 1078 1285 maximeque
1099 1203 1130 1267 in
1152 1203 1190 1269 iis
1211 1204 1329 1274 menda

264 1303 415 1368 scribendi
431 1324 530 1370 errore
552 1297 619 1368 orta
641 1307 695 1378 aut
715 1322 783 1386 rpsa
803 1304 913 1392 relicta
934 1306 1007 1370 sunt
1028 1309 1081 1372 aut
1101 1309 1146 1373 ita
1164 1310 1251 1378 rudis
1269 1311 1324 1375 ad-

264 1407 362 1471 bibita
390 1409 551 1486 correctio,
584 1409 620 1472 ut
650 1409 704 1472 aut
732 1408 821 1474 facile
841 1410 941 1492 prima
957 1412 1088 1496 vestigia
1108 1413 1248 1500 invenias
1270 1419 1325 1480 sut

266 1513 379 1578 saltem
402 1515 501 1596 specie
523 1514 664 1578 sanitatis
682 1533 743 1580 non
764 1491 900 1579 ludaris'
937 1514 1058 1582 Sensim
1080 1518 1189 1582 deinde
1210 1538 1264 1602 per
1277 1521 1326 1584 in-

263 1616 373 1682 feriora
392 1604 496 1684 secula
517 1619 725 1704 interpolandi
744 1620 872 1684 licentia
892 1621 999 1700 crevit,
1024 1642 1091 1704 quae
1113 1626 1147 1689 et
1164 1625 1267 1707 plura,
1291 1627 1324 1690 in

264 1725 374 1806 quibus
400 1711 581 1802 haereretur,
605 1725 793 1812 attrectaret
821 1729 854 1791 et
879 1727 1010 1794 maxime
1027 1727 1064 1792 in
1085 1729 1205 1794 mendis
1230 1732 1325 1796 corri-

265 1829 371 1912 gendis
401 1849 420 1893 a
451 1831 557 1912 primis
590 1829 729 1914 vestigiis
762 1829 883 1914 longius
916 1831 1098 1910 discederet,
1118 1834 1264 1900 illiciente
1293 1840 1325 1902 et

265 1927 367 2000 alente
388 1936 562 2000 libertatem
582 1936 614 1999 in
634 1936 756 2000 Latinis
779 1937 855 2018 ipso,
878 1937 957 2018 quod
977 1939 1210 2030 renascebatur,
1238 1944 1324 2007 vete-

263 2056 342 2104 rum.
367 2041 482 2123 scripta
505 2042 627 2125 legendi
657 2043 688 2106 et
709 2041 870 2125 enarrandi
896 2043 1011 2118 studio;
1043 2043 1075 2108 iu
1098 2044 1227 2122 Granis,
1256 2065 1323 2129 quae

262 2145 326 2210 iam
348 2147 440 2210 antea
460 2143 840 2231 grammaticiByaautini
861 2149 927 2213 ausi
948 2151 1052 2227 erant,
1084 2151 1251 2233 propagata
1272 2169 1324 2218 ex-

264 2251 364 2315 trema
386 2253 477 2341 aetate
503 2253 542 2316 ad
562 2253 667 2334 plnres
688 2253 853 2336 scriptores
876 2254 957 2330 sunt,
979 2255 1099 2318 eumad
1120 2255 1215 2320 Italos
1230 2255 1324 2320 alios·

265 2375 323 2437 qus
354 2356 528 2422 Graecorum
555 2359 701 2423 librorum
730 2359 881 2441 cupiditas
904 2361 1055 2424 translata
1075 2362 1167 2426 esset.
1215 2361 1324 2445 Itaque

266 2461 297 2524 et
324 2461 436 2526 multos
461 2463 600 2548 antiquos
623 2465 816 2546 optimosque
837 2446 956 2538 codices
977 2465 1074 2530 altera
1098 2485 1208 2532 manus
1233 2467 1323 2550 longe
1461 2507 1462 2518 κ

262 2566 411 2630 recentior
441 2568 548 2632 multis
578 2569 655 2634 locis
683 2569 878 2651 interpolavit
899 2569 1007 2651 primae
1028 2570 1185 2652 scriptura
1206 2591 1324 2644 correc-

262 2673 347 2738 tione
373 2691 469 2754 prava
491 2674 695 2757 superposita,
729 2677 761 2738 et
782 2693 818 2739 en
840 2674 992 2740 codicibus
1014 2676 1053 2740 ab
1075 2677 1176 2760 aliquo
1198 2678 1323 2744 homine

261 2777 392 2844 fortasse
406 2798 460 2861 pro
472 2777 594 2842 illorum
605 2781 780 2864 temporum
790 2782 881 2863 captu
891 2780 1085 2846 non-indocto
1100 2783 1243 2848 correctis
1259 2793 1324 2857 (cu-

259 2883 395 2948 iusmodi
416 2885 575 2956 hominum
598 2885 692 2950 etiam
714 2881 838 2949 nomina
857 2885 1170 2969 nobisinSopboclis,
1191 2889 1223 2952 in
1235 2888 1323 2953 (lice-

262 2989 354 3067 ronis,
377 2991 409 3054 in
431 2993 590 3073 poetarum
610 2989 791 3056 Latinorum
806 2992 1010 3076 elegiaoorum
1032 2992 1185 3078 codicibus
1201 2994 1232 3057 ot
1249 2993 1324 3080 alibi

260 3097 375 3161 tradita
417 3099 501 3174 sunt)
548 3097 798 3163 describebantur
836 3097 955 3162 codices
996 3097 1151 3166 communi
1186 3097 1322 3180 interpo-

260 3202 377 3267 latione
412 3202 565 3285 inquinati
596 3221 652 3267 nec
686 3202 748 3268 nisi
779 3201 867 3267 novis
901 3201 1052 3269 erroribus
1072 3203 1104 3266 et
1124 3201 1328 3268 ulterioribus

261 3305 418 3369 conatibus
442 3305 658 3388 discrepantes,
682 3308 790 3390 quibus
813 3308 967 3374 codicibus
990 3324 1060 3372 cum
1074 3307 1167 3390 primi
1188 3305 1322 3372 editores

259 3407 322 3471 fere
345 3409 394 3473 usi
415 3415 526 3492 essent,
546 3413 578 3476 in
601 3413 669 3478 aliis
691 3412 888 3498 scriptoribus
911 3415 1018 3492 antea,
1052 3413 1085 3476 in
1106 3413 1212 3476 multis
1235 3415 1322 3489 (uta

260 3511 375 3580 Graecis
391 3515 687 3596 Platone,·Isocrate,
700 3517 917 3596 Demosthene,
930 3517 1089 3598 Sophocle,
1100 3501 1321 3600 Ariitophanc)

261 3617 319 3684 hoe
356 3620 480 3686 demum
510 3623 619 3694 ,seculo
639 3623 688 3687 ad
708 3623 862 3688 fideliores
882 3624 913 3688 et
932 3622 1118 3706 antiquiores
1142 3622 1261 3702 codices
1285 3642 1322 3688 ex

328 3951 389 4005 Lat.
408 3953 421 4017 ς
441 3953 493 4008 304
512 3969 543 4020 n,
560 3954 586 4006 4.
623 3952 753 4006 Horatius
768 3917 812 4020 Ιοι).
831 3951 914 4014 1,.17,
932 3953 979 4006 4οε
1014 3967 1097 4004 onus
1115 3951 1231 4018 parvis
1249 3919 1318 4006 saie

327 4043 391 4095 mis
409 4045 443 4096 et
461 4059 562 4112 parvo
580 4058 723 4112 corpore
741 4043 868 4111 maius).
957 4087 960 4096 .
