2954 4664
308 270 368 332 158
745 265 806 320 Lib.
824 270 846 320 l.

263 470 436 542 tenuerunt
459 468 555 534 aliurn
577 468 720 532 videntur
741 467 898 530 auctorem
921 466 1020 532 secuti
1042 485 1118 532 esso.
1163 465 1260 530 Facta
1280 466 1328 528 ast

265 574 349 638 enim
369 575 417 664 his
439 574 527 638 annis
549 572 588 636 ad
609 570 778 653 parendum
798 570 831 634 in
853 590 886 634 re
909 592 1003 654 parua
1019 571 1143 636 55111511
1159 590 1218 636 non
1233 589 1327 652 parva

265 679 450 761 progressio.
504 677 585 742 Nam
609 679 727 759 aliquot
755 678 827 758 post
853 677 908 740 illa
936 695 1027 742 ame
1049 678 1163 760 scripta
1183 677 1270 742 annis
1294 677 1326 741 O.

266 783 305 848 G.
328 782 477 854 Cobetus,
506 785 598 848 homo
626 786 659 848 et
683 783 859 865 ingeniosus
880 782 913 846 in
934 783 993 847 hoo
1014 801 1126 866 genere
1148 782 1188 846 ad
1208 783 1327 846 inueni·

265 887 378 952 endum
405 891 438 953 51
464 889 569 982 Graece
597 890 773 971 perdoctum
812 889 844 952 in
873 888 967 952 variis
1005 889 1189 954 lectionibus
1221 889 1326 968 (1854,

265 1015 294 1076 p.
317 995 366 1069 98,
390 995 460 1070 261,
483 995 555 1062 2691
584 996 623 1058 ab
655 995 764 1058 eadem
785 1013 857 1058 vera
878 993 985 1058 coristi
1006 993 1151 1058 infinitivi
1172 1013 1244 1058 cunr
1264 993 1327 1058 illis

265 1100 367 1164 verbis
401 1100 555 1164 coniuncti
591 1098 814 1183 significatione
846 1099 1012 1180 profectus,
1049 1100 1263 1164 animadversa
1296 1104 1348 1164 et·

266 1205 421 1270 declarata
442 1206 589 1289 singulari
611 1204 827 1270 nonnullorum
850 1204 985 1268 locorum
1007 1206 1169 1286 pravitate,
1192 1208 1328 1270 ceterum

266 1313 334 1376 tota
359 1331 392 1376 re
416 1332 476 1376 non
498 1313 586 1394 plene
614 1309 749 1394 exposita
776 1327 833 1372 neo
859 1311 1027 1374 terminata
1053 1311 1110 1386 (ita
1138 1313 1173 1374 ut
1201 1315 1328 1392 possent

266 1418 295 1480 ei
317 1418 456 1499 quaedam
486 1437 556 1480 cum
583 1417 647 1482 veri
676 1413 776 1497 specie
804 1415 931 1495 opponi,
960 1417 995 1478 ut
1015 1414 1122 1480 coristi
1144 1433 1216 1478 cum
1238 1409 1329 1487 aluric

265 1529 334 1588 ἐστι
364 1529 465 1600 usus),
500 1521 643 1592 eandem,
677 1539 769 1603 quarn
799 1522 869 1602 post
889 1519 1073 1584 Elmsleium
1101 1523 1132 1586 et
1158 1521 1233 1586 alios
1261 1541 1328 1606 ego,

269 1629 423 1712 duplicem
439 1627 613 1710 corrigendi
628 1627 779 1692 rationem
799 1626 838 1690 iis
859 1625 1041 1705 scriptorum
1056 1625 1141 1698 locis.
1163 1626 1196 1692 in
1219 1629 1328 1710 quibus

265 1734 375 1798 aoristi
397 1733 566 1798 infinitivus
589 1732 683 1796 futuri
704 1731 769 1794 vim
790 1731 903 1793 habere
926 1731 1096 1810 putaretur,
1124 1733 1329 1798 adhibendam

266 1839 474 1924 pronuntiavit
505 1838 688 1918 eosdemque
715 1855 862 1919 magnam
888 1837 1009 1918 partem
1033 1835 1130 1912 locos,
1167 1857 1241 1920 qnos
1271 1857 1329 1922 ego

265 1946 453 2016 notaveram,
475 1942 671 2026 Thucydidis,
693 1942 804 2026 Lysia,
826 1941 956 2006 aliorum
975 1941 1086 2022 posuit,
1110 1944 1232 2008 omissis
1254 1963 1329 2008 sane

264 2051 303 2114 iis
317 2047 540 2119 aliorumlocis,
564 2046 936 2128 quorumdiffioiliorerat
949 2047 1103 2124 correctio,
1126 2049 1165 2112 ad
1186 2049 1330 2132 idemque

267 2154 452 2220 emendandi
473 2170 570 2236 genus
591 2150 685 2216 rediit
705 2151 737 2214 in
758 2152 842 2216 novis
866 2151 1175 2242 lectionibusque,
1205 2174 1235 2236 p.
1259 2155 1329 2232 164,

266 2259 327 2322 365
340 2279 396 2342 sq,
418 2260 502 2335 405),
525 2257 679 2320 nonnullis
699 2257 822 2339 quidem
843 2256 917 2320 locis
938 2256 1051 2322 iterum
1073 2260 1190 2340 positis.
1226 2261 1331 2344 Atque

270 2366 335 2430 eins
358 2363 536 2438 5551511155,
559 2363 618 2426 5151
643 2363 752 2428 habuit
776 2362 998 2426 obtrectantem
1025 2362 1057 2426 in
1078 2364 1136 2428 bac
1157 2383 1276 2448 quoque
1297 2384 1332 2430 re

266 2470 450 2534 Harbstinm
471 2487 529 2532 neo
549 2469 707 2550 parentem
721 2467 925 2550 Kruogorum
948 2468 1025 2532 alios
1048 2469 1180 2534 movisse
1200 2471 1332 2544 videtur,

268 2577 403 2658 primum
419 2574 542 2656 quidem
555 2574 590 2638 L.
601 2568 805 2638 Dindorfium.
840 2571 922 2636 Nam
944 2573 971 2638 15
993 2592 1052 2638 non
1074 2575 1175 2640 solum
1196 2593 1224 2638 a
1240 2575 1330 2650 1853,

267 2701 338 2748 cum
349 2678 744 2762 Χ5ηορ1155115,1151511515
762 2665 902 2742 Graecam
915 2677 1025 2742 Oronii
1045 2679 1159 2753 ederet,
1181 2681 1331 2754 aoristurn
1444 2707 1449 2715 ·

267 2787 445 2870 profuturo
468 2783 507 2863 (Ι,
529 2785 558 2861 6,
584 2786 636 2847 14;
660 2777 721 2848 οὐκ
745 2792 808 2866 ἔφη
832 2829 895 2847 ...
919 2778 1040 2850 οὐδένα
1062 2778 1239 2869 Ἑλλήνων
1263 2834 1270 2848 .
1295 2835 1331 2852 ..

267 2887 616 2974 dcdpbacodaodq‘voc),
633 2889 731 2952 tenuit
756 2889 919 2972 adscriptis
944 2891 1129 2956 defensionis
1152 2909 1246 2956 causa
1266 2912 1329 2958 uno

267 2997 496 3081 Xenophontis,
529 3013 589 3060 uno
618 2993 777 3058 Plutarchi
802 2995 880 3069 loco,
914 2996 968 3060 aad
1001 2997 1098 3068 etiam
1128 2997 1225 3085 1857,
1259 3016 1332 3062 cum

269 3103 479 3188 Cyropaediam
509 3099 630 3178 ederet,
663 3099 801 3164 restituit
821 3100 874 3164 1115
897 3101 1020 3183 quidem
1045 3102 1077 3166 in
1105 3103 1172 3177 illo,
1190 3083 1268 3186 ‘quo
1290 3104 1332 3168 ad

268 3209 432 3274 Hellenica
461 3225 534 3284 usus
566 3207 648 3278 erat,
681 3204 750 3269 loco
778 3205 915 3272 futurum
943 3210 1180 3294 (τειχιοὺοθαι)
1203 3228 1220 3272 5
1243 3209 1332 3274 bonis

269 3314 422 3380 codicibus
445 3320 512 3396 (pro
530 3313 768 3395 τειχίσασθαι),
791 3311 845 3376 aad
868 3313 973 3378 tamen
988 3314 1139 3379 aoristnm
1153 3315 1225 3378 ferri
1240 3333 1331 3398 posse

267 3420 462 3504 significavit,
489 3418 584 3483 citata
613 3417 668 3482 illa
692 3416 731 3480 ad
752 3416 981 3482 Hellenioorum
1006 3420 1108 3484 locum
1136 3407 1332 3486 annotatione

269 3526 301 3589 at
322 3525 435 3589 additis
458 3523 573 3588 dnobus
595 3522 704 3588 Dionis
728 3521 939 3604 chrysostomi
963 3525 1025 3603 (vol
1045 3525 1148 3608 potins
1170 3525 1278 3591 Dionis
1301 3531 1333 3592 et

268 3630 421 3713 Sapphus)
442 3630 526 3694 locis.
570 3629 632 3693 Sed
653 3627 763 3692 deinde
784 3629 867 3692 totus
890 3631 1097 3695 commutatus
1121 3631 1153 3694 et
1174 3629 1207 3694 in
1228 3629 1332 3695 Xano-

268 3734 392 3816 phontis
423 3731 544 3816 scriptis
573 3738 605 3799 et
625 3735 658 3798 in
679 3731 804 3797 Diodori
832 3731 926 3796 Siculi
953 3734 1042 3798 etin
1069 3733 1182 3800 Dionis'
1199 3734 1332 3819 Chryso·

269 3838 364 3904 stomi
392 3837 566 3921 (Polybium
588 3839 668 3930 etsi
689 3857 765 3922 quos
787 3837 869 3908 alios.
885 3840 991 3923 postea
1014 3827 1120 3918 edidit,
1142 3860 1200 3906 non
1222 3861 1332 3924 pervo-

269 3943 380 4022 lutavi)
403 3942 514 4026 ubique
537 3945 592 4010 aut
612 3947 683 4028 post
705 3945 780 4009 alios
795 3946 850 4010 aut
868 3945 986 4026 primus
1001 3964 1108 4010 vernrn
1127 3947 1251 4011 secutus
1273 3951 1332 4026 est,

269 4049 381 4113 saltem
411 4048 464 4114 ubi
490 4049 592 4114 futuro
622 4050 765 4116 restituto
794 4051 827 4130 (a
853 4069 907 4132 pro
933 4077 953 4116 α
987 4053 1020 4116 51
1042 4077 1100 4118 ow
1120 4069 1175 4132 pro
1199 4058 1246 4128 αι)
1277 4053 1333 4118 ab·
1470 4133 1471 4154 Χ
