2944 4660
507 290 514 298 ⁸
601 287 661 352 nil.
681 297 702 352 l.
1097 291 1137 354 67

125 490 358 578 ριῐςὲχει,·ίιοο
380 496 429 558 est
446 499 512 579 ἔχῃ,
534 505 603 577 qno
625 492 946 576 (mclael‘fortnnee
971 489 1056 554 loco
1077 491 1181 554 tene·

121 602 200 666 a'ris
233 599 531 681 constitutaque
554 600 608 665 sis
631 603 681 675 (ἐν
697 599 741 682 τῷ
759 597 945 681 συμφορᾶς,
967 597 1003 660 ut
1021 593 1182 675 Sophocles

124 707 194 800 dixit
210 703 317 788 Antig.
330 703 470 787 1229)¹).
493 703 617 769 Anullo
631 703 904 768 commemoratum
914 699 1051 776 memini,
1068 699 1132 764 iota
1149 699 1181 762 in

122 813 223 877 dativo
245 809 352 895 primae
375 809 586 873 declinationis
609 809 733 891 antiquo
754 817 840 870 more
865 805 962 870 vocali
984 803 1181 887 adscriptum,

122 919 167 982 cui
187 919 297 1001 postea
319 914 576 991 subscribebatur,
589 931 725 996 persaepe
736 931 790 994 pro
804 937 822 976 ο
834 912 995 992 acceptum
1006 911 1182 994 genetivum

124 1042 173 1104 pro
220 1021 324 1086 dativo
362 1019 517 1092 effecisse,
556 1019 642 1084 velut
683 1017 764 1101 apud
803 1015 1013 1099 Thucydidem
1055 1015 1097 1092 ΙΙ,
1142 1015 1178 1078 bl

120 1129 171 1192 ubi
193 1125 393 1192 scribendum
415 1126 478 1190 est:
507 1133 618 1206 ἕτερος
640 1117 813 1208 οἶμ’ἑσίροο
835 1123 1005 1212 θεραπείᾳ
1028 1115 1183 1205 docma-

125 1227 294 1314 αί.ιίμ.ενοι
316 1231 436 1302 <alter
458 1231 504 1293 ab
525 1229 669 1307 altero,
695 1229 784 1292 dum
807 1229 947 1294 curant
975 1228 1015 1300 est
1039 1227 1182 1303 locent,

122 1337 392 1421 implebantur
419 1337 457 1399 et
485 1335 832 1418 contingebantur;
864 1334 956 1417 vulgo
981 1331 1181 1415 θεραπείας,

126 1443 198 1525 quod
214 1443 362 1512 Dobreus¹
379 1440 447 1504 tolli
468 1439 599 1517 volebat,
615 1440 792 1524 Kruegerus
815 1441 853 1504 ab
875 1431 945 1504 αἀό
967 1439 1111 1521 pendere,
1134 1437 1181 1502 di-

123 1549 238 1616 redens
260 1555 374 1630 ἕτερος
396 1540 591 1629 αἶρ’ἑτέροο),
607 1546 646 1610 εί
667 1545 748 1628 apud
758 1545 922 1610 Platonem
936 1545 1064 1628 sophist.
1077 1565 1106 1626 p.
1119 1543 1182 1606 224

125 1653 152 1716 Α
176 1654 247 1725 (καί
279 1647 390 1717 πολλοὶ
420 1660 516 1734 ε’ίῑερα
546 1675 595 1739 νη
612 1651 702 1738 ψυχῇ
723 1645 765 1716 od
786 1654 852 1736 μὲν
873 1649 1114 1734 παραμυθίας,
1137 1643 1179 1713 ἰα’

129 1759 169 1823 δὲ’
185 1761 239 1824 ναὶ
276 1757 427 1841 σπονδῆς
449 1751 547 1843 χοίριν
569 1751 719 1842 α’χθίναα
742 1759 796 1822 ναί
820 1753 1025 1841 πωλούμενα
1042 1757 1185 1839 ’ριόπὴς

129 1865 292 1950 popam).
338 1863 418 1942 Quid
445 1864 539 1928 orasis
565 1864 693 1942 rariore¹
707 1857 860 1928 scribendi
892 1863 991 1928 forma
1012 1861 1183 1946 significata

130 1972 260 2035 nocuerit
282 1969 406 2034 Platoni
426 1970 459 2033 in
480 1969 609 2034 Phaedro
632 1989 662 2052 p.
676 1968 737 2032 253
758 1969 797 2047 Α,
817 1989 842 2033 r.
863 1987 894 2050 p.
910 1969 940 2032 X
959 1989 988 2051 p.
1000 1967 1061 2030 606
1084 1967 1184 2045 quo
1250 2041 1253 2046 ¹

128 2077 189 2141 loco
205 2077 339 2141 dicetur.
670 2111 673 2116 -
808 2063 812 2083 ‘

213 2181 306 2264 Apud
317 2179 443 2244 Latinos
460 2182 577 2262 quoties
598 2197 634 2244 er
659 2179 690 2244 st
707 2179 797 2261 (est)
813 2175 1049 2242 factumsitaut
1065 2178 1187 2242 citant

132 2288 227 2363 sunt,
263 2285 325 2350 dixi
354 2303 457 2367 opusc.
488 2286 572 2350 abad.
599 2287 665 2368 Ip.
695 2285 771 2362 184,
793 2283 824 2346 Il
851 2303 880 2365 p.
909 2283 979 2360 222,
1002 2283 1041 2348 ad
1062 2283 1125 2348 (lic.
1148 2283 1186 2347 de

153 2589 173 2657 ¹)
202 2591 276 2646 Idem
302 2593 429 2648 mendum
448 2593 477 2648 in
503 2593 642 2664 Sophoclis
660 2592 721 2648 (ud.
739 2591 797 2652 001.
816 2581 867 2648 989
886 2607 918 2646 cr
935 2591 990 2646 alia
1007 2593 1090 2647 etiam
1107 2550 1201 2648 εαιιεε

193 2699 240 2750 suo
257 2684 316 2738 loco
333 2687 435 2742 tollam.

150 2792 172 2859 ί)
199 2796 299 2854 Eadem
317 2801 446 2854 warentia
465 2803 512 2868 (ut-
526 2799 601 2870 copie
618 2797 734 2868 quadam
752 2797 932 2866 exemplorum
949 2813 991 2852 res
1003 2797 1184 2881 confirmetur)

199 2889 350 2946 adhibenda
358 2892 504 2948 Plutarcho
521 2893 551 2946 in
569 2889 751 2946 AEmil.Panl.
771 2893 805 2946 33
824 2891 867 2960 (τῇ
885 2888 1055 2964 ἀναισθησία
1074 2907 1122 2960 pro
1141 2895 1191 2960 τῆς

198 2979 397 3054 οίναισθησίας;
436 3003 490 3050 non
516 2983 666 3054 mutatione
683 2998 748 3042 ‚non
776 2982 910 3036 sentiendi
927 2983 1094 3038 miserabiles
1113 2987 1190 3038 erant

198 3074 289 3130 Persei
314 3077 411 3141 liberi,
431 3078 477 3132 sed
496 3077 529 3132 ad
548 3077 663 3130 fortuna
688 3075 864 3128 mutationem
888 3073 1054 3142 miserabiles
1072 3091 1102 3128 eo
1120 3075 1188 3144 ipso,

199 3167 269 3234 qnod
288 3184 346 3222 eam
365 3173 473 3239 propter
491 3172 599 3223 aetatem
617 3153 746 3236 puerilem
765 3166 882 3220 nondum
894 3163 1057 3229 sentiebant)
1069 3166 1188 3220 etAler·

199 3257 258 3312 und.
269 3275 291 3313 c.
306 3261 340 3315 58
350 3259 410 3328 (τὴν
428 3260 557 3328 πλείστην
576 3259 692 3328 φθορὰν
703 3257 819 3324 ἀπορίαι
831 3263 885 3312 τῶν
898 3257 1055 3326 ἀναγκαίων
1068 3259 1112 3312 καί
1128 3251 1190 3313 δασ-

199 3353 309 3418 κρασίαι
339 3353 390 3404 τοῦ
418 3349 593 3418 περιέχοντος
624 3349 827 3419 ἀπειργάσαντο
855 3354 888 3422 τῇ
920 3353 1033 3424 στρατιᾷ
1064 3367 1112 3419 pro
1139 3355 1205 3422 vig¹
1298 3371 1299 3374 ¹

181 3477 185 3483 -
204 3445 351 3509 στρατιᾶς),
380 3441 413 3496 de
431 3442 495 3496 fort.
515 3441 591 3496 Rom.
611 3443 626 3496 7
647 3439 703 3508 (ἐπί
720 3447 837 3515 μαντείᾳ
848 3443 1057 3512 σεμνυνόμενον,
1074 3459 1127 3496 non
1146 3443 1191 3498 ἐπί

203 3537 345 3601 μαντείας,
365 3535 436 3603 quod
454 3536 536 3590 etiam
555 3535 737 3606 geminatione
755 3534 883 3590 littoreo
898 3537 988 3594 ortum
1006 3551 1063 3590 esse
1080 3539 1191 3605 potest),
1222 3597 1226 3605 ⁸

204 3625 236 3679 de
253 3627 325 3703 Iside
344 3629 372 3682 ct
394 3627 464 3682 Osis
478 3630 512 3684 15
530 3627 653 3696 (ἔρεισμα
674 3631 707 3698 νῇ
725 3627 805 3698 στέγῃ
823 3626 981 3696 ὑπέστησαν,
1000 3642 1053 3680 non
1065 3631 1113 3698 τῆς
1133 3629 1192 3682 στί·

206 3721 271 3787 γης),
290 3719 323 3772 de
341 3719 430 3788 cupid.
440 3719 529 3782 divit.
550 3722 565 3774 7
585 3722 650 3774 extr.
671 3719 815 3788 ἐπαγαγὼν
829 3724 863 3790 τῇ
879 3722 956 3790 ψυχῇ
968 3718 1019 3782 τὰς
1029 3721 1192 3788 φροντίδας,

205 3825 256 3864 nou
274 3815 323 3880 τῆς
340 3813 456 3880 ψυχῆς),
489 3811 616 3866 Straboni
635 3811 658 3864 V
674 3829 700 3880 p.
718 3815 771 3868 240
790 3812 847 3879 (καί
865 3817 926 3874 ταῖς
943 3807 1095 3878 ὑπωρείαις
1112 3815 1145 3883 τῇ
1164 3833 1192 3867 τε

207 3900 281 3965 ἐκτὸς
298 3903 378 3970 μέχρι
395 3907 443 3972 τῆς
462 3905 599 3971 παραλίας
617 3908 666 3973 τῆς
681 3903 851 3972 Ἀδριατικῆς
868 3903 914 3956 καί
932 3906 964 3974 τῇ
984 3902 1068 3968 ἐντός,
1087 3921 1140 3958 non
1151 3905 1193 3958 bis

208 3994 272 4062 τῆς),
291 3994 409 4048 Lucieno
427 3995 516 4064 ποεῖς.
532 3998 565 4050 27
583 3994 624 4059 (ἐς
641 3997 719 4058 τέλος
737 4015 790 4065 μου
810 3999 842 4066 τῇ
861 3993 926 4066 εὐχῇ
945 3993 1113 4064 ἐπηρεάζων,
1141 4013 1194 4050 non

209 4088 255 4152 τῆς
265 4084 367 4156 εὐχῆς),
379 4087 516 4140 Pausania
526 4088 563 4150 ΙΙ,
582 4089 652 4150 20,4
672 4087 794 4158 (ἐκράτει
804 4091 837 4159 τῇ
846 4086 927 4158 μοίχῃ,
947 4103 1000 4142 uon
1020 4091 1068 4156 τῆς
1086 4087 1195 4157 μάχης).
