2944 4660
626 290 687 344 Lib.
706 292 727 347 l.
1125 289 1164 352 15

19 521 20 524 =
142 482 292 562 prehendi
304 485 415 562 solent,
428 485 514 552 nulla
531 488 596 550 arbe
612 483 838 551 >auctoritatem
854 477 1073 564 commandati,
1094 485 1148 552 sed
1168 489 1213 554 ita

19 683 20 686 Ἴ
141 588 237 668 ampli
248 589 425 668 uoluminis,
448 593 484 654 ub
504 589 670 656 festinandi
694 592 930 666 caussasselci,
952 593 1004 674 qui
1019 594 1213 658 tamenscri-

142 693 242 759 beuda
266 696 463 778 sumpsisset,
485 699 539 761 aul
551 697 675 762 Seneca
684 697 721 778 ¹).
768 698 810 760 lul
819 698 850 762 in
862 697 950 762 libris
965 697 1139 780 frequenter
1149 701 1211 764 lec-

141 799 255 876 limbis,
279 802 312 864 eb
334 819 464 883 quorum
484 804 516 867 in
539 802 654 868 scholis
676 821 750 867 usus
774 803 857 878 erut,
888 804 1106 886 exemplarium
1129 825 1213 870 com-

139 906 313 986 paratione,
337 907 364 972 si
385 928 446 972 non
466 909 498 973 in
521 909 698 985 scribendo,
722 910 755 973 ab
776 911 884 989 postea
905 909 936 972 in
957 909 1103 992 legendo,
1127 931 1213 977 arce-

142 1016 259 1080 bantur
281 1034 397 1099 magna
418 1015 550 1097 exparte
566 997 683 1079 errores
699 1015 759 1089 illi,¹
778 1015 888 1096 quibus
906 1017 1008 1080 omnia
1022 1019 1214 1083 verberentur

139 1126 316 1208 litteraque
337 1125 461 1188 mulum
482 1120 637 1185 desolucae
653 1120 915 1202 relinquerentur;
937 1117 992 1185 sed
1007 1122 1100 1186 simul
1109 1123 1142 1186 in
1153 1125 1218 1189 eis-.

139 1232 211 1295 dem
228 1232 362 1296 etentes
378 1230 410 1292 eb
421 1225 646 1296 renascentium
658 1225 833 1290 libberarum
843 1230 981 1308 lempcre
993 1228 1084 1312 longe
1096 1230 1214 1295 fecilior

139 1337 327 1401 orchadibus
343 1335 448 1400 liberae
461 1331 583 1396 cuidam
602 1331 840 1412 interpolation,
855 1332 980 1398 facilem
996 1334 1157 1400 lectionem
1183 1341 1215 1401 sb

139 1442 338 1506 intellectum
360 1437 680 1513 adiuvaresludeuti,
703 1437 1033 1504 velutinOatilineriis
1051 1441 1213 1510 Ciceronis.

140 1547 326 1628 (Recenbior
344 1545 468 1628 quidem
488 1542 686 1624 interpolatio
704 1543 798 1606 aliem
819 1543 851 1606 in
874 1541 998 1620 Seneca,
1020 1547 1073 1628 qui
1093 1549 1160 1613 bum
1182 1551 1214 1614 in

139 1653 257 1717 honore
281 1669 348 1716 esse
370 1650 514 1730 coeperab,
536 1648 693 1712 liberrime
715 1649 856 1731 grassata
868 1649 938 1727 cst.)
992 1649 1028 1712 In
1051 1653 1211 1732 poetarum

140 1757 289 1840 operibus
310 1775 456 1820 versuum
476 1755 624 1835 perpetua
647 1754 679 1818 cb
700 1756 773 1818 noba
787 1753 895 1830 forma,
916 1755 952 1818 ub
967 1753 1212 1822 hexametrorum

138 1865 171 1926 eb
192 1863 421 1936 brimelrorum,
444 1858 575 1922 scribam
597 1859 802 1941 aliquomodo
816 1859 1038 1925 continebabeb
1053 1863 1213 1938 monebab3

139 1972 270 2052 poteret
295 1970 403 2032 lamen
440 1966 508 2046 ipsa
541 1981 658 2046 quoque
689 1964 854 2029 insolencia
884 1965 987 2048 alique
1008 1969 1105 2044 (velut
1127 1969 1215 2034 hictu

138 2074 296 2158 legitimo,
320 2071 375 2136 sed
396 2075 476 2148 raro)
490 2089 549 2134 non
571 2069 753 2152 simpliciter
774 2069 930 2147 scribendi,
954 2057 1009 2136 sed
1029 2073 1151 2138 incaute
1166 2075 1215 2138 iu·

140 2178 263 2244 dicandi
284 2176 490 2258 interpolandi
511 2175 700 2240 occasionem
712 2175 801 2250 dare;
824 2175 929 2258 ignote
943 2193 1086 2243 uersuum
1103 2199 1215 2262 genere

138 2305 216 2350 cum
231 2285 396 2349 uerborum
409 2281 546 2350 nouitate
557 2283 588 2345 eb
605 2281 751 2346 orationis
772 2281 914 2346 docmate
937 2283 1100 2349 coniuncte
1119 2303 1214 2368 quam

141 2391 208 2456 uim
235 2391 347 2456 habere
370 2388 541 2462 debuerint,
563 2389 701 2469 apparel.
762 2405 767 2410 ·
1166 2399 1167 2402 ’

229 2497 277 2562 De
299 2493 453 2560 scribendi
472 2493 594 2558 mendis
617 2512 653 2556 cx
674 2511 735 2556 uno
758 2493 861 2557 codice
883 2495 923 2560 ad
942 2495 1018 2560 alios
1039 2497 1215 2580 propagatis

140 2603 308 2684 auctisque
330 2599 409 2664 nihil
430 2618 504 2681 opus
529 2601 576 2662 est
598 2597 668 2662 dici.

241 2707 309 2772 Iam
345 2725 412 2788 quse
440 2723 475 2768 er
501 2705 558 2768 hoc
579 2703 732 2768 communi
757 2703 838 2768 fonte
861 2706 990 2788 propriae
1013 2708 1044 2770 et
1066 2710 1215 2789 separatae

140 2814 287 2878 oriuntur
330 2828 470 2876 errorum
500 2809 634 2890 species,
670 2827 722 2874 eas
758 2809 886 2876 difficile
926 2813 975 2876 est
1017 2812 1110 2876 cerlis
1145 2813 1215 2877 fini-

143 2921 206 2984 bus
240 2919 431 2993 describere,
460 2915 540 2997 quod
570 2915 602 2979 eb
628 2915 758 2980 diversae
784 2934 884 2982 causae
914 2918 946 2981 eb
978 2918 1099 2980 errandi
1127 2919 1216 2982 initia

141 3024 284 3088 eundem
312 3021 422 3086 erroris
453 3021 597 3085 effectum
629 3021 743 3086 hebere
770 3025 897 3103 possunt
926 3023 958 3086 eb
984 3023 1085 3104 plures
1114 3041 1214 3087 ceusae

141 3131 230 3194 inber
262 3147 296 3192 sc
325 3127 482 3210 coniungi;
513 3127 617 3210 ibaque
647 3147 706 3192 usu
728 3128 793 3193 hac
814 3127 973 3192 discuntur
994 3129 1113 3194 albente
1134 3131 1216 3192 brac-

145 3233 256 3300 teudis
285 3235 338 3298 aul
365 3233 439 3315 ipsis
464 3233 618 3298 codicibus
647 3233 700 3297 cub
733 3233 892 3316 scripturis
922 3254 938 3298 e
961 3234 1116 3298 codicibus
1138 3234 1216 3298 uarii

142 3339 272 3423 generis
301 3339 390 3420 plene
422 3342 454 3403 ab
485 3339 618 3402 fideliler
652 3340 799 3414 enodatim
841 3341 896 3404 sed
931 3343 1036 3404 tamen
1064 3341 1217 3423 praecipua

143 3445 293 3528 quaedam
315 3463 429 3526 genera
450 3462 628 3526 percurrere
651 3461 796 3508 conemur
818 3440 856 3509 eb'
871 3446 1018 3528 exemplis
1039 3445 1215 3521 illustrare;

145 3551 209 3614 elsi
242 3549 394 3632 simplicia
422 3549 498 3612 salis
527 3549 665 3632 exempla
694 3549 825 3631 reperire
855 3552 1009 3616 interdum
1035 3551 1216 3617 subdifficile

146 3657 209 3734 esb,
228 3653 308 3737 quod
329 3655 507 3738 plerumque
530 3653 628 3736 primo
653 3655 745 3719 errori
760 3655 875 3739 aliquid
893 3658 1024 3724 accessit
1041 3659 1216 3723 commenti.

149 3867 354 3876 ---—--›-—-

169 4005 195 4076 ¹)
222 4005 265 4058 Ea
282 4019 360 4060 causa
378 4006 419 4058 esc
438 4003 526 4065 abiam,
543 4019 589 4058 cur
606 4003 686 4072 plura
697 4005 816 4072 exempla
834 4020 864 4060 ex
882 4005 1016 4060 inferioris
1035 4007 1122 4060 abacis
1133 4008 1216 4076 scrip-

226 4097 340 4162 toribus,
386 4095 544 4160 Plutarcho,
582 4095 692 4160 Seneca,
721 4097 795 4160 aliis,
825 4099 995 4165 sumpserim,
1027 4100 1055 4152 in
1074 4099 1171 4167 quibus
1190 4101 1217 4154 eb
