<?xml version="1.0" encoding="UTF-8"?>
<!DOCTYPE html PUBLIC "-//W3C//DTD XHTML 1.0 Transitional//EN"
    "http://www.w3.org/TR/xhtml1/DTD/xhtml1-transitional.dtd">
<html xmlns="http://www.w3.org/1999/xhtml" xml:lang="en" lang="en">
 <head>
  <title>
</title>
<meta http-equiv="Content-Type" content="text/html;charset=utf-8" />
  <meta name='ocr-system' content='tesseract 3.04.00' />
  <meta name='ocr-capabilities' content='ocr_page ocr_carea ocr_par ocr_line ocrx_word'/>
</head>
<body>
  <div class='ocr_page' id='page_1' title='image "./adversariacriti02madvgoog_0103.png"; bbox 0 0 2954 4664; ppageno 0'>
   <div class='ocr_carea' id='block_1_1' title="bbox 313 248 854 312">
    <p class='ocr_par' dir='ltr' id='par_1_1' title="bbox 313 248 854 312">
     <span class='ocr_line' id='line_1_1' title="bbox 313 248 854 312; baseline -0.011 0"><span class='ocrx_word' id='word_1_1' title='bbox 313 248 354 312; x_wconf 82' lang='grc'>88</span> <span class='ocrx_word' id='word_1_2' title='bbox 750 251 812 306; x_wconf 82' lang='lat' dir='ltr'>Lib.</span> <span class='ocrx_word' id='word_1_3' title='bbox 828 251 854 306; x_wconf 85' lang='lat' dir='ltr'>l.</span> 
     </span>
    </p>
   </div>
   <div class='ocr_carea' id='block_1_2' title="bbox 267 444 1331 742">
    <p class='ocr_par' dir='ltr' id='par_1_2' title="bbox 267 444 1331 742">
     <span class='ocr_line' id='line_1_2' title="bbox 268 444 1331 552; baseline 0.004 -42"><span class='ocrx_word' id='word_1_4' title='bbox 268 449 299 510; x_wconf 84' lang='lat' dir='ltr'>oi</span> <span class='ocrx_word' id='word_1_5' title='bbox 321 445 368 516; x_wconf 81' lang='grc' dir='ltr'>δέ,</span> <span class='ocrx_word' id='word_1_6' title='bbox 391 444 871 530; x_wconf 76' lang='lat' dir='ltr'>addiditqueincommodiseimo</span> <span class='ocrx_word' id='word_1_7' title='bbox 890 449 977 552; x_wconf 83' lang='lat' dir='ltr'>loco.</span> <span class='ocrx_word' id='word_1_8' title='bbox 1026 449 1129 532; x_wconf 77' lang='lat' dir='ltr'>Atque</span> <span class='ocrx_word' id='word_1_9' title='bbox 1156 449 1221 516; x_wconf 78' lang='lat' dir='ltr'>hac</span> <span class='ocrx_word' id='word_1_10' title='bbox 1242 450 1331 516; x_wconf 87' lang='lat' dir='ltr'>addi-</span> 
     </span>
     <span class='ocr_line' id='line_1_3' title="bbox 267 552 1331 641; baseline 0.006 -25"><span class='ocrx_word' id='word_1_11' title='bbox 267 552 416 628; x_wconf 79' lang='lat' dir='ltr'>tamenta,</span> <span class='ocrx_word' id='word_1_12' title='bbox 439 569 506 634; x_wconf 76' lang='lat' dir='ltr'>quae</span> <span class='ocrx_word' id='word_1_13' title='bbox 519 554 550 616; x_wconf 91' lang='lat' dir='ltr'>et</span> <span class='ocrx_word' id='word_1_14' title='bbox 561 570 669 634; x_wconf 76' lang='lat' dir='ltr'>perse</span> <span class='ocrx_word' id='word_1_15' title='bbox 684 555 855 641; x_wconf 78' lang='lat' dir='ltr'>manifesta</span> <span class='ocrx_word' id='word_1_16' title='bbox 877 555 950 622; x_wconf 88' lang='lat' dir='ltr'>sunt</span> <span class='ocrx_word' id='word_1_17' title='bbox 965 556 999 619; x_wconf 88' lang='lat' dir='ltr'>et</span> <span class='ocrx_word' id='word_1_18' title='bbox 1009 555 1088 620; x_wconf 87' lang='lat' dir='ltr'>iuter</span> <span class='ocrx_word' id='word_1_19' title='bbox 1102 574 1136 620; x_wconf 93' lang='lat' dir='ltr'>se</span> <span class='ocrx_word' id='word_1_20' title='bbox 1147 555 1331 622; x_wconf 83' lang='lat' dir='ltr'>confimant</span> 
     </span>
     <span class='ocr_line' id='line_1_4' title="bbox 269 657 1329 742; baseline 0.006 -21"><span class='ocrx_word' id='word_1_21' title='bbox 269 657 300 721; x_wconf 89' lang='lat' dir='ltr'>et</span> <span class='ocrx_word' id='word_1_22' title='bbox 329 658 448 740; x_wconf 82' lang='lat' dir='ltr'>opertas</span> <span class='ocrx_word' id='word_1_23' title='bbox 475 657 591 723; x_wconf 85' lang='lat' dir='ltr'>habent</span> <span class='ocrx_word' id='word_1_24' title='bbox 612 676 650 722; x_wconf 79' lang='lat' dir='ltr'>er</span> <span class='ocrx_word' id='word_1_25' title='bbox 669 659 903 742; x_wconf 82' lang='lat' dir='ltr'>simplicissima</span> <span class='ocrx_word' id='word_1_26' title='bbox 934 659 1090 724; x_wconf 84' lang='lat' dir='ltr'>iudicandi</span> <span class='ocrx_word' id='word_1_27' title='bbox 1109 661 1235 726; x_wconf 78' lang='lat' dir='ltr'>levitate</span> <span class='ocrx_word' id='word_1_28' title='bbox 1255 679 1329 726; x_wconf 87' lang='lat' dir='ltr'>oau-</span> 
     </span>
    </p>
   </div>
   <div class='ocr_carea' id='block_1_3' title="bbox 172 761 1330 848">
    <p class='ocr_par' dir='ltr' id='par_1_3' title="bbox 172 761 1330 848">
     <span class='ocr_line' id='line_1_5' title="bbox 172 761 1330 848; baseline 0.002 -20"><span class='ocrx_word' id='word_1_29' title='bbox 172 761 177 770; x_wconf 92' lang='lat'>&#39;</span> <span class='ocrx_word' id='word_1_30' title='bbox 268 781 334 839; x_wconf 85' lang='lat' dir='ltr'>sas,</span> <span class='ocrx_word' id='word_1_31' title='bbox 366 762 399 826; x_wconf 95' lang='lat' dir='ltr'>in</span> <span class='ocrx_word' id='word_1_32' title='bbox 428 762 578 845; x_wconf 81' lang='lat' dir='ltr'>scripture</span> <span class='ocrx_word' id='word_1_33' title='bbox 606 763 728 848; x_wconf 82' lang='lat' dir='ltr'>integra</span> <span class='ocrx_word' id='word_1_34' title='bbox 756 765 848 830; x_wconf 84' lang='lat' dir='ltr'>antea</span> <span class='ocrx_word' id='word_1_35' title='bbox 865 767 908 836; x_wconf 82' lang='lat' dir='ltr'>¹ot</span> <span class='ocrx_word' id='word_1_36' title='bbox 939 765 1116 847; x_wconf 84' lang='lat' dir='ltr'>incorrupte</span> <span class='ocrx_word' id='word_1_37' title='bbox 1145 765 1330 834; x_wconf 82' lang='lat' dir='ltr'>acciderunt</span> 
     </span>
    </p>
   </div>
   <div class='ocr_carea' id='block_1_4' title="bbox 268 867 1341 4127">
    <p class='ocr_par' dir='ltr' id='par_1_4' title="bbox 268 867 1341 4127">
     <span class='ocr_line' id='line_1_6' title="bbox 268 867 1330 960; baseline 0.005 -28"><span class='ocrx_word' id='word_1_38' title='bbox 268 867 350 932; x_wconf 86' lang='lat' dir='ltr'>Illud</span> <span class='ocrx_word' id='word_1_39' title='bbox 370 868 434 946; x_wconf 82' lang='lat' dir='ltr'>iam</span> <span class='ocrx_word' id='word_1_40' title='bbox 457 886 492 932; x_wconf 85' lang='lat' dir='ltr'>ex</span> <span class='ocrx_word' id='word_1_41' title='bbox 513 868 623 934; x_wconf 89' lang='lat' dir='ltr'>mendo</span> <span class='ocrx_word' id='word_1_42' title='bbox 645 872 726 936; x_wconf 76' lang='lat' dir='ltr'>ante</span> <span class='ocrx_word' id='word_1_43' title='bbox 738 870 826 934; x_wconf 89' lang='lat' dir='ltr'>illato</span> <span class='ocrx_word' id='word_1_44' title='bbox 850 871 959 937; x_wconf 85' lang='lat' dir='ltr'>natum</span> <span class='ocrx_word' id='word_1_45' title='bbox 982 871 1043 960; x_wconf 76' lang='lat' dir='ltr'>est;</span> <span class='ocrx_word' id='word_1_46' title='bbox 1065 889 1139 936; x_wconf 88' lang='lat' dir='ltr'>nam</span> <span class='ocrx_word' id='word_1_47' title='bbox 1159 871 1192 934; x_wconf 92' lang='lat' dir='ltr'>in</span> <span class='ocrx_word' id='word_1_48' title='bbox 1203 871 1330 938; x_wconf 79' lang='lat' dir='ltr'>Themi-</span> 
     </span>
     <span class='ocr_line' id='line_1_7' title="bbox 269 969 1329 1060; baseline 0.003 -23"><span class='ocrx_word' id='word_1_49' title='bbox 269 973 482 1038; x_wconf 67' lang='lat' dir='ltr'>nucleolos</span> <span class='ocrx_word' id='word_1_50' title='bbox 504 973 712 1042; x_wconf 85' lang='lat' dir='ltr'>Themistocle</span> <span class='ocrx_word' id='word_1_51' title='bbox 735 995 828 1060; x_wconf 76' lang='lat' dir='ltr'>puero</span> <span class='ocrx_word' id='word_1_52' title='bbox 852 975 918 1040; x_wconf 85' lang='lat' dir='ltr'>haec</span> <span class='ocrx_word' id='word_1_53' title='bbox 939 976 1101 1060; x_wconf 84' lang='lat' dir='ltr'>leguntur:</span> <span class='ocrx_word' id='word_1_54' title='bbox 1149 969 1249 1042; x_wconf 79' lang='grc' dir='ltr'><strong><em>Ἐπεὶ</em></strong></span> <span class='ocrx_word' id='word_1_55' title='bbox 1274 977 1329 1041; x_wconf 78' lang='grc' dir='ltr'>καὶ</span> 
     </span>
     <span class='ocr_line' id='line_1_8' title="bbox 272 1073 1329 1166; baseline 0.003 -23"><span class='ocrx_word' id='word_1_56' title='bbox 272 1079 339 1155; x_wconf 80' lang='grc' dir='ltr'><strong><em>τῶν</em></strong></span> <span class='ocrx_word' id='word_1_57' title='bbox 361 1073 573 1145; x_wconf 76' lang='grc' dir='ltr'><strong><em>παιδεύσεων</em></strong></span> <span class='ocrx_word' id='word_1_58' title='bbox 594 1074 657 1152; x_wconf 76' lang='grc' dir='ltr'>τοίς</span> <span class='ocrx_word' id='word_1_59' title='bbox 680 1085 745 1164; x_wconf 83' lang='grc' dir='ltr'><strong><em>μὲν</em></strong></span> <span class='ocrx_word' id='word_1_60' title='bbox 761 1074 961 1162; x_wconf 78' lang='grc' dir='ltr'><strong><em>,ἠθοποιούς</em></strong></span> <span class='ocrx_word' id='word_1_61' title='bbox 982 1075 1005 1165; x_wconf 76' lang='grc' dir='ltr'><em>ἤ</em></span> <span class='ocrx_word' id='word_1_62' title='bbox 1028 1075 1114 1164; x_wconf 81' lang='grc' dir='ltr'><strong><em>πρδς</em></strong></span> <span class='ocrx_word' id='word_1_63' title='bbox 1129 1076 1258 1166; x_wconf 68' lang='grc' dir='ltr'><strong><em>ἡδονήν</em></strong></span> <span class='ocrx_word' id='word_1_64' title='bbox 1274 1083 1329 1147; x_wconf 75' lang='grc' dir='ltr'>καὶ</span> 
     </span>
     <span class='ocr_line' id='line_1_9' title="bbox 269 1177 1331 1271; baseline 0.004 -21"><span class='ocrx_word' id='word_1_65' title='bbox 269 1177 365 1270; x_wconf 70' lang='grc' dir='ltr'><strong><em>χάριν</em></strong></span> <span class='ocrx_word' id='word_1_66' title='bbox 392 1188 587 1266; x_wconf 72' lang='grc' dir='ltr'><strong><em>ἐλευθέριον</em></strong></span> <span class='ocrx_word' id='word_1_67' title='bbox 615 1187 892 1270; x_wconf 69' lang='grc' dir='ltr'><strong><em>σπουδαζομένας</em></strong></span> <span class='ocrx_word' id='word_1_68' title='bbox 914 1181 1064 1270; x_wconf 77' lang='grc' dir='ltr'><strong><em>ὀκνηρῶς</em></strong></span> <span class='ocrx_word' id='word_1_69' title='bbox 1087 1189 1141 1254; x_wconf 75' lang='grc' dir='ltr'>καὶ</span> <span class='ocrx_word' id='word_1_70' title='bbox 1167 1181 1331 1271; x_wconf 74' lang='grc' dir='ltr'><strong><em>α’πρσθύ-</em></strong></span> 
     </span>
     <span class='ocr_line' id='line_1_10' title="bbox 269 1284 1331 1378; baseline 0.004 -24"><span class='ocrx_word' id='word_1_71' title='bbox 269 1315 342 1374; x_wconf 81' lang='grc' dir='ltr'>μως</span> <span class='ocrx_word' id='word_1_72' title='bbox 373 1284 601 1374; x_wconf 77' lang='grc' dir='ltr'><strong><em>ἐξεμάνθανε,</em></strong></span> <span class='ocrx_word' id='word_1_73' title='bbox 623 1293 690 1356; x_wconf 77' lang='grc' dir='ltr'><strong><em>τῶν</em></strong></span> <span class='ocrx_word' id='word_1_74' title='bbox 712 1293 747 1358; x_wconf 81' lang='grc' dir='ltr'>δὲ</span> <span class='ocrx_word' id='word_1_75' title='bbox 769 1297 818 1365; x_wconf 78' lang='grc' dir='ltr'>εἰς</span> <span class='ocrx_word' id='word_1_76' title='bbox 840 1291 977 1360; x_wconf 82' lang='grc' dir='ltr'><strong><em>σύνεσιν</em></strong></span> <span class='ocrx_word' id='word_1_77' title='bbox 998 1289 1020 1377; x_wconf 75' lang='grc' dir='ltr'><em>ἢ</em></span> <span class='ocrx_word' id='word_1_78' title='bbox 1043 1295 1166 1377; x_wconf 77' lang='grc' dir='ltr'><strong><em>πρᾶξιν</em></strong></span> <span class='ocrx_word' id='word_1_79' title='bbox 1188 1296 1331 1378; x_wconf 73' lang='grc' dir='ltr'><strong><em>λεγομέ-</em></strong></span> 
     </span>
     <span class='ocr_line' id='line_1_11' title="bbox 271 1389 1332 1488; baseline 0.005 -29"><span class='ocrx_word' id='word_1_80' title='bbox 271 1421 340 1460; x_wconf 89' lang='grc' dir='ltr'>νων</span> <span class='ocrx_word' id='word_1_81' title='bbox 370 1396 472 1480; x_wconf 75' lang='grc' dir='ltr'><strong><em>δῆλος</em></strong></span> <span class='ocrx_word' id='word_1_82' title='bbox 494 1389 538 1480; x_wconf 81' lang='grc' dir='ltr'><strong><em>ἧν</em></strong></span> <span class='ocrx_word' id='word_1_83' title='bbox 559 1391 620 1484; x_wconf 83' lang='grc' dir='ltr'><strong><em>οὑχ</em></strong></span> <span class='ocrx_word' id='word_1_84' title='bbox 639 1391 819 1482; x_wconf 74' lang='grc' dir='ltr'><strong><em>ὑπερορῶν</em></strong></span> <span class='ocrx_word' id='word_1_85' title='bbox 846 1393 927 1482; x_wconf 80' lang='grc' dir='ltr'><strong><em>παρ’</em></strong></span> <span class='ocrx_word' id='word_1_86' title='bbox 949 1394 1100 1483; x_wconf 79' lang='grc' dir='ltr'><strong><em>ἠλικίαν,</em></strong></span> <span class='ocrx_word' id='word_1_87' title='bbox 1129 1394 1173 1472; x_wconf 69' lang='grc' dir='ltr'>οἷς</span> <span class='ocrx_word' id='word_1_88' title='bbox 1200 1400 1243 1488; x_wconf 73' lang='grc' dir='ltr'>τῇ</span> <span class='ocrx_word' id='word_1_89' title='bbox 1266 1391 1332 1483; x_wconf 83' lang='grc' dir='ltr'>φύ-</span> 
     </span>
     <span class='ocr_line' id='line_1_12' title="bbox 271 1497 1332 1588; baseline 0.003 -22"><span class='ocrx_word' id='word_1_90' title='bbox 271 1527 320 1566; x_wconf 91' lang='grc' dir='ltr'><strong><em>οει</em></strong></span> <span class='ocrx_word' id='word_1_91' title='bbox 343 1497 525 1570; x_wconf 84' lang='grc' dir='ltr'><strong><em>πιστεύον.</em></strong></span> <span class='ocrx_word' id='word_1_92' title='bbox 560 1504 688 1570; x_wconf 81' lang='lat' dir='ltr'>Mirum</span> <span class='ocrx_word' id='word_1_93' title='bbox 713 1507 762 1570; x_wconf 87' lang='lat' dir='ltr'>est</span> <span class='ocrx_word' id='word_1_94' title='bbox 781 1505 820 1570; x_wconf 94' lang='lat' dir='ltr'>de</span> <span class='ocrx_word' id='word_1_95' title='bbox 842 1525 936 1588; x_wconf 89' lang='lat' dir='ltr'>puero</span> <span class='ocrx_word' id='word_1_96' title='bbox 959 1505 1189 1588; x_wconf 77' lang='lat' dir='ltr'>disciplinarum</span> <span class='ocrx_word' id='word_1_97' title='bbox 1218 1507 1253 1570; x_wconf 90' lang='lat' dir='ltr'>et</span> <span class='ocrx_word' id='word_1_98' title='bbox 1281 1523 1332 1570; x_wconf 88' lang='lat' dir='ltr'>er-</span> 
     </span>
     <span class='ocr_line' id='line_1_13' title="bbox 269 1602 1333 1694; baseline 0.002 -22"><span class='ocrx_word' id='word_1_99' title='bbox 269 1608 348 1674; x_wconf 89' lang='lat' dir='ltr'>tium</span> <span class='ocrx_word' id='word_1_100' title='bbox 370 1609 505 1676; x_wconf 86' lang='lat' dir='ltr'>studioso</span> <span class='ocrx_word' id='word_1_101' title='bbox 526 1602 586 1694; x_wconf 86' lang='grc' dir='ltr'><strong><em>οὑχ</em></strong></span> <span class='ocrx_word' id='word_1_102' title='bbox 608 1603 792 1694; x_wconf 75' lang='grc' dir='ltr'><strong><em>ὑπερορᾶν,</em></strong></span> <span class='ocrx_word' id='word_1_103' title='bbox 814 1629 873 1676; x_wconf 93' lang='lat' dir='ltr'>non</span> <span class='ocrx_word' id='word_1_104' title='bbox 895 1613 1102 1689; x_wconf 75' lang='lat' dir='ltr'>contemnere,</span> <span class='ocrx_word' id='word_1_105' title='bbox 1125 1610 1232 1680; x_wconf 78' lang='lat' dir='ltr'>addita</span> <span class='ocrx_word' id='word_1_106' title='bbox 1252 1629 1333 1692; x_wconf 71' lang='grc' dir='ltr'><strong><em>ρεπ-</em></strong></span> 
     </span>
     <span class='ocr_line' id='line_1_14' title="bbox 269 1711 1333 1800; baseline 0.003 -23"><span class='ocrx_word' id='word_1_107' title='bbox 269 1714 377 1778; x_wconf 86' lang='lat' dir='ltr'>sertim</span> <span class='ocrx_word' id='word_1_108' title='bbox 403 1732 510 1790; x_wconf 85' lang='lat' dir='ltr'>causa,</span> <span class='ocrx_word' id='word_1_109' title='bbox 541 1714 621 1798; x_wconf 84' lang='lat' dir='ltr'>quod</span> <span class='ocrx_word' id='word_1_110' title='bbox 648 1718 782 1785; x_wconf 80' lang='lat' dir='ltr'>naturae..</span> <span class='ocrx_word' id='word_1_111' title='bbox 793 1717 975 1793; x_wconf 83' lang='lat' dir='ltr'>confideret,</span> <span class='ocrx_word' id='word_1_112' title='bbox 1005 1735 1079 1800; x_wconf 83' lang='lat' dir='ltr'>quae.</span> <span class='ocrx_word' id='word_1_113' title='bbox 1104 1715 1143 1780; x_wconf 90' lang='lat' dir='ltr'>ad</span> <span class='ocrx_word' id='word_1_114' title='bbox 1174 1711 1333 1798; x_wconf 69' lang='lat' dir='ltr'>contemn-</span> 
     </span>
     <span class='ocr_line' id='line_1_15' title="bbox 271 1819 1332 1902; baseline 0.001 -20"><span class='ocrx_word' id='word_1_115' title='bbox 271 1820 340 1884; x_wconf 84' lang='lat' dir='ltr'>tum</span> <span class='ocrx_word' id='word_1_116' title='bbox 361 1819 633 1890; x_wconf 87' lang='lat' dir='ltr'>tollendumnihil</span> <span class='ocrx_word' id='word_1_117' title='bbox 655 1821 788 1886; x_wconf 85' lang='lat' dir='ltr'>volebat.</span> <span class='ocrx_word' id='word_1_118' title='bbox 836 1821 897 1892; x_wconf 85' lang='lat' dir='ltr'>Sed</span> <span class='ocrx_word' id='word_1_119' title='bbox 918 1821 1054 1902; x_wconf 87' lang='lat' dir='ltr'>optimus</span> <span class='ocrx_word' id='word_1_120' title='bbox 1076 1821 1222 1896; x_wconf 88' lang='lat' dir='ltr'>omnium,</span> <span class='ocrx_word' id='word_1_121' title='bbox 1244 1819 1332 1884; x_wconf 89' lang='lat' dir='ltr'>utin</span> 
     </span>
     <span class='ocr_line' id='line_1_16' title="bbox 271 1923 1335 2008; baseline 0 -20"><span class='ocrx_word' id='word_1_122' title='bbox 271 1924 449 2002; x_wconf 80' lang='lat' dir='ltr'>Plutarcho,</span> <span class='ocrx_word' id='word_1_123' title='bbox 471 1923 564 1991; x_wconf 80' lang='lat' dir='ltr'>codex</span> <span class='ocrx_word' id='word_1_124' title='bbox 576 1924 847 2008; x_wconf 74' lang='lat' dir='ltr'>sangermanensis</span> <span class='ocrx_word' id='word_1_125' title='bbox 869 1927 900 1992; x_wconf 89' lang='lat' dir='ltr'>et</span> <span class='ocrx_word' id='word_1_126' title='bbox 921 1926 974 1992; x_wconf 90' lang='lat' dir='ltr'>alii</span> <span class='ocrx_word' id='word_1_127' title='bbox 994 1927 1117 1992; x_wconf 88' lang='lat' dir='ltr'>omnino</span> <span class='ocrx_word' id='word_1_128' title='bbox 1137 1944 1196 1992; x_wconf 93' lang='lat' dir='ltr'>non</span> <span class='ocrx_word' id='word_1_129' title='bbox 1218 1924 1335 1990; x_wconf 84' lang='lat' dir='ltr'>hubent</span> 
     </span>
     <span class='ocr_line' id='line_1_17' title="bbox 271 2022 1332 2114; baseline 0.001 -21"><span class='ocrx_word' id='word_1_130' title='bbox 271 2023 345 2114; x_wconf 85' lang='grc' dir='ltr'><strong><em>οὑχ.</em></strong></span> <span class='ocrx_word' id='word_1_131' title='bbox 400 2029 570 2112; x_wconf 84' lang='lat' dir='ltr'>Scripserat</span> <span class='ocrx_word' id='word_1_132' title='bbox 601 2030 697 2114; x_wconf 85' lang='lat' dir='ltr'>igitur</span> <span class='ocrx_word' id='word_1_133' title='bbox 723 2031 906 2100; x_wconf 79' lang='lat' dir='ltr'><strong>Plutarchus</strong></span> <span class='ocrx_word' id='word_1_134' title='bbox 936 2031 1040 2114; x_wconf 78' lang='grc' dir='ltr'><strong><em>δῆλος</em></strong></span> <span class='ocrx_word' id='word_1_135' title='bbox 1068 2022 1114 2114; x_wconf 80' lang='grc' dir='ltr'><strong><em>ἦν</em></strong></span> <span class='ocrx_word' id='word_1_136' title='bbox 1145 2025 1332 2114; x_wconf 80' lang='grc' dir='ltr'><strong><em>ὑπερορῶν.</em></strong></span> 
     </span>
     <span class='ocr_line' id='line_1_18' title="bbox 273 2125 1333 2228; baseline 0.004 -28"><span class='ocrx_word' id='word_1_137' title='bbox 273 2125 380 2204; x_wconf 86' lang='lat' dir='ltr'>Vooali</span> <span class='ocrx_word' id='word_1_138' title='bbox 399 2163 414 2228; x_wconf 72' lang='grc' dir='ltr'><strong><em>ε</em></strong></span> <span class='ocrx_word' id='word_1_139' title='bbox 433 2137 466 2200; x_wconf 93' lang='lat' dir='ltr'>in</span> <span class='ocrx_word' id='word_1_140' title='bbox 478 2138 638 2213; x_wconf 83' lang='lat' dir='ltr'>omuteta,</span> <span class='ocrx_word' id='word_1_141' title='bbox 660 2135 800 2200; x_wconf 88' lang='lat' dir='ltr'>additum</span> <span class='ocrx_word' id='word_1_142' title='bbox 823 2138 872 2202; x_wconf 88' lang='lat' dir='ltr'>est</span> <span class='ocrx_word' id='word_1_143' title='bbox 892 2137 924 2200; x_wconf 93' lang='lat' dir='ltr'>in</span> <span class='ocrx_word' id='word_1_144' title='bbox 945 2137 1062 2220; x_wconf 80' lang='lat' dir='ltr'>aliqmt</span> <span class='ocrx_word' id='word_1_145' title='bbox 1082 2133 1239 2204; x_wconf 76' lang='lat' dir='ltr'>cuduinus</span> <span class='ocrx_word' id='word_1_146' title='bbox 1261 2129 1333 2221; x_wconf 79' lang='grc' dir='ltr'><strong><em>οὑχ.</em></strong></span> 
     </span>
     <span class='ocr_line' id='line_1_19' title="bbox 270 2241 1333 2326; baseline -0.001 -20"><span class='ocrx_word' id='word_1_147' title='bbox 270 2243 307 2306; x_wconf 90' lang='lat' dir='ltr'>ln</span> <span class='ocrx_word' id='word_1_148' title='bbox 328 2241 438 2326; x_wconf 77' lang='lat' dir='ltr'><strong>Pyrrhi</strong></span> <span class='ocrx_word' id='word_1_149' title='bbox 464 2243 569 2308; x_wconf 88' lang='lat' dir='ltr'>autem</span> <span class='ocrx_word' id='word_1_150' title='bbox 584 2242 658 2308; x_wconf 61' lang='lat' dir='ltr'>ruita</span> <span class='ocrx_word' id='word_1_151' title='bbox 680 2259 706 2306; x_wconf 90' lang='lat' dir='ltr'>o.</span> <span class='ocrx_word' id='word_1_152' title='bbox 720 2241 758 2303; x_wconf 78' lang='lat'>22</span> <span class='ocrx_word' id='word_1_153' title='bbox 787 2242 825 2306; x_wconf 91' lang='lat' dir='ltr'>de</span> <span class='ocrx_word' id='word_1_154' title='bbox 847 2261 918 2326; x_wconf 87' lang='lat' dir='ltr'>rege</span> <span class='ocrx_word' id='word_1_155' title='bbox 940 2243 1137 2320; x_wconf 71' lang='lat' dir='ltr'>deliberante,</span> <span class='ocrx_word' id='word_1_156' title='bbox 1159 2245 1263 2308; x_wconf 87' lang='lat' dir='ltr'>utrum</span> <span class='ocrx_word' id='word_1_157' title='bbox 1281 2261 1333 2306; x_wconf 88' lang='lat' dir='ltr'>res</span> 
     </span>
     <span class='ocr_line' id='line_1_20' title="bbox 273 2335 1337 2431; baseline -0.001 -19"><span class='ocrx_word' id='word_1_158' title='bbox 273 2335 398 2414; x_wconf 85' lang='lat' dir='ltr'>Italicas</span> <span class='ocrx_word' id='word_1_159' title='bbox 422 2367 461 2412; x_wconf 87' lang='lat' dir='ltr'>an</span> <span class='ocrx_word' id='word_1_160' title='bbox 487 2346 610 2413; x_wconf 84' lang='lat' dir='ltr'>Graeoas</span> <span class='ocrx_word' id='word_1_161' title='bbox 632 2365 671 2410; x_wconf 88' lang='lat' dir='ltr'>an</span> <span class='ocrx_word' id='word_1_162' title='bbox 694 2345 870 2414; x_wconf 79' lang='lat' dir='ltr'>Sicilienses</span> <span class='ocrx_word' id='word_1_163' title='bbox 891 2349 1248 2431; x_wconf 84' lang='lat' dir='ltr'>potissimumcapesset,</span> <span class='ocrx_word' id='word_1_164' title='bbox 1269 2348 1337 2412; x_wconf 81' lang='lat' dir='ltr'>haec</span> 
     </span>
     <span class='ocr_line' id='line_1_21' title="bbox 272 2445 1336 2542; baseline -0.004 -22"><span class='ocrx_word' id='word_1_165' title='bbox 272 2454 460 2520; x_wconf 76' lang='lat' dir='ltr'>contuntur:</span> <span class='ocrx_word' id='word_1_166' title='bbox 508 2453 597 2518; x_wconf 81' lang='grc' dir='ltr'><strong><em>Εἶτα</em></strong></span> <span class='ocrx_word' id='word_1_167' title='bbox 625 2465 695 2524; x_wconf 80' lang='grc' dir='ltr'><strong><em>τοῖς</em></strong></span> <span class='ocrx_word' id='word_1_168' title='bbox 723 2454 910 2542; x_wconf 77' lang='grc' dir='ltr'><strong><em>Σικελικοῖς</em></strong></span> <span class='ocrx_word' id='word_1_169' title='bbox 936 2445 1104 2537; x_wconf 82' lang='grc' dir='ltr'><strong><em>μειζόνων</em></strong></span> <span class='ocrx_word' id='word_1_170' title='bbox 1125 2447 1336 2518; x_wconf 73' lang='grc' dir='ltr'><strong><em>ὑποκεῖσθαι</em></strong></span> 
     </span>
     <span class='ocr_line' id='line_1_22' title="bbox 272 2541 1336 2646; baseline 0 -22"><span class='ocrx_word' id='word_1_171' title='bbox 272 2551 487 2645; x_wconf 74' lang='grc' dir='ltr'><strong><em>πραγμάτων</em></strong></span> <span class='ocrx_word' id='word_1_172' title='bbox 520 2552 725 2633; x_wconf 87' lang='grc' dir='ltr'><strong><em>δοκούντων,</em></strong></span> <span class='ocrx_word' id='word_1_173' title='bbox 750 2551 889 2643; x_wconf 75' lang='grc' dir='ltr'><strong><em>Λιβύης</em></strong></span> <span class='ocrx_word' id='word_1_174' title='bbox 914 2553 1015 2646; x_wconf 72' lang='grc' dir='ltr'><strong><em>ἐγγύα</em></strong></span> <span class='ocrx_word' id='word_1_175' title='bbox 1036 2559 1122 2626; x_wconf 79' lang='grc' dir='ltr'><strong><em>εἶναι</em></strong></span> <span class='ocrx_word' id='word_1_176' title='bbox 1156 2541 1336 2642; x_wconf 73' lang='grc' dir='ltr'><strong><em>δοκούσης,</em></strong></span> 
     </span>
     <span class='ocr_line' id='line_1_23' title="bbox 273 2658 1336 2748; baseline -0.002 -16"><span class='ocrx_word' id='word_1_177' title='bbox 273 2668 328 2732; x_wconf 78' lang='grc' dir='ltr'><strong><em>ἐπὶ</em></strong></span> <span class='ocrx_word' id='word_1_178' title='bbox 351 2666 457 2732; x_wconf 77' lang='grc' dir='ltr'><strong><em>ταῦτα</em></strong></span> <span class='ocrx_word' id='word_1_179' title='bbox 482 2668 608 2747; x_wconf 78' lang='grc' dir='ltr'><strong><em>τρεόιας</em></strong></span> <span class='ocrx_word' id='word_1_180' title='bbox 637 2666 766 2730; x_wconf 76' lang='grc' dir='ltr'><strong><em>Κινέαν</em></strong></span> <span class='ocrx_word' id='word_1_181' title='bbox 788 2669 852 2745; x_wconf 79' lang='grc' dir='ltr'><strong><em>μὲν</em></strong></span> <span class='ocrx_word' id='word_1_182' title='bbox 874 2658 985 2738; x_wconf 78' lang='grc' dir='ltr'><strong><em>εύθὺς</em></strong></span> <span class='ocrx_word' id='word_1_183' title='bbox 1007 2668 1174 2748; x_wconf 72' lang='grc' dir='ltr'><strong><em>ἐξέπεμψε</em></strong></span> <span class='ocrx_word' id='word_1_184' title='bbox 1193 2664 1336 2747; x_wconf 88' lang='grc' dir='ltr'><strong><em>προδια-</em></strong></span> 
     </span>
     <span class='ocr_line' id='line_1_24' title="bbox 273 2765 1336 2856; baseline -0.002 -18"><span class='ocrx_word' id='word_1_185' title='bbox 273 2765 473 2856; x_wconf 82' lang='grc' dir='ltr'><strong><em>λεξόμενον,</em></strong></span> <span class='ocrx_word' id='word_1_186' title='bbox 519 2772 551 2836; x_wconf 91' lang='lat' dir='ltr'>in</span> <span class='ocrx_word' id='word_1_187' title='bbox 594 2771 702 2846; x_wconf 88' lang='lat' dir='ltr'>quitus</span> <span class='ocrx_word' id='word_1_188' title='bbox 745 2771 896 2848; x_wconf 86' lang='lat' dir='ltr'>Sintenis,</span> <span class='ocrx_word' id='word_1_189' title='bbox 939 2767 1029 2838; x_wconf 91' lang='lat' dir='ltr'>homo</span> <span class='ocrx_word' id='word_1_190' title='bbox 1079 2771 1336 2854; x_wconf 80' lang='lat' dir='ltr'>patientissimus,</span> 
     </span>
     <span class='ocr_line' id='line_1_25' title="bbox 274 2871 1337 2962; baseline -0.004 -18"><span class='ocrx_word' id='word_1_191' title='bbox 274 2871 439 2960; x_wconf 78' lang='grc' dir='ltr'><strong><em>δοκούσης</em></strong></span> <span class='ocrx_word' id='word_1_192' title='bbox 479 2879 593 2956; x_wconf 82' lang='lat' dir='ltr'>iniuria</span> <span class='ocrx_word' id='word_1_193' title='bbox 630 2878 808 2962; x_wconf 86' lang='lat' dir='ltr'>suspectum</span> <span class='ocrx_word' id='word_1_194' title='bbox 848 2877 1032 2960; x_wconf 78' lang='lat' dir='ltr'>qmbusdam</span> <span class='ocrx_word' id='word_1_195' title='bbox 1066 2876 1161 2942; x_wconf 81' lang='lat' dir='ltr'>foisse</span> <span class='ocrx_word' id='word_1_196' title='bbox 1193 2877 1337 2954; x_wconf 62' lang='lat' dir='ltr'>annulum</span> 
     </span>
     <span class='ocr_line' id='line_1_26' title="bbox 274 2981 1338 3070; baseline -0.002 -20"><span class='ocrx_word' id='word_1_197' title='bbox 274 2985 414 3068; x_wconf 88' lang='lat' dir='ltr'>equidem</span> <span class='ocrx_word' id='word_1_198' title='bbox 447 2987 645 3052; x_wconf 87' lang='lat' dir='ltr'>meritissimo</span> <span class='ocrx_word' id='word_1_199' title='bbox 676 2985 852 3070; x_wconf 84' lang='lat' dir='ltr'>suspectum</span> <span class='ocrx_word' id='word_1_200' title='bbox 884 2983 953 3048; x_wconf 91' lang='lat' dir='ltr'>dioc</span> <span class='ocrx_word' id='word_1_201' title='bbox 985 3002 1043 3048; x_wconf 96' lang='lat' dir='ltr'>non</span> <span class='ocrx_word' id='word_1_202' title='bbox 1079 2983 1178 3050; x_wconf 88' lang='lat' dir='ltr'>solum</span> <span class='ocrx_word' id='word_1_203' title='bbox 1210 2981 1249 3046; x_wconf 93' lang='lat' dir='ltr'>ob</span> <span class='ocrx_word' id='word_1_204' title='bbox 1280 3001 1338 3065; x_wconf 83' lang='lat' dir='ltr'>ge·</span> 
     </span>
     <span class='ocr_line' id='line_1_27' title="bbox 273 3085 1338 3186; baseline -0.008 -26"><span class='ocrx_word' id='word_1_205' title='bbox 273 3092 424 3162; x_wconf 84' lang='lat' dir='ltr'>minatum</span> <span class='ocrx_word' id='word_1_206' title='bbox 468 3092 500 3156; x_wconf 89' lang='lat' dir='ltr'>in</span> <span class='ocrx_word' id='word_1_207' title='bbox 545 3091 653 3158; x_wconf 87' lang='lat' dir='ltr'>eadem</span> <span class='ocrx_word' id='word_1_208' title='bbox 698 3088 930 3186; x_wconf 72' lang='lat' dir='ltr'>constructionis</span> <span class='ocrx_word' id='word_1_209' title='bbox 972 3088 1071 3154; x_wconf 83' lang='lat' dir='ltr'>forma</span> <span class='ocrx_word' id='word_1_210' title='bbox 1112 3087 1195 3152; x_wconf 90' lang='lat' dir='ltr'>idem</span> <span class='ocrx_word' id='word_1_211' title='bbox 1239 3085 1338 3168; x_wconf 81' lang='lat' dir='ltr'>parti·</span> 
     </span>
     <span class='ocr_line' id='line_1_28' title="bbox 273 3189 1337 3282; baseline -0.009 -18"><span class='ocrx_word' id='word_1_212' title='bbox 273 3199 386 3282; x_wconf 83' lang='lat' dir='ltr'>cipium</span> <span class='ocrx_word' id='word_1_213' title='bbox 435 3199 490 3262; x_wconf 77' lang='lat' dir='ltr'>eut</span> <span class='ocrx_word' id='word_1_214' title='bbox 521 3197 603 3281; x_wconf 86' lang='lat' dir='ltr'>quod</span> <span class='ocrx_word' id='word_1_215' title='bbox 643 3216 743 3272; x_wconf 72' lang='lat' dir='ltr'>ceusae</span> <span class='ocrx_word' id='word_1_216' title='bbox 783 3190 986 3279; x_wconf 76' lang='grc' dir='ltr'><strong><em>(μειζόνων,</em></strong></span> <span class='ocrx_word' id='word_1_217' title='bbox 1131 3189 1337 3269; x_wconf 78' lang='grc' dir='ltr'><strong><em>δοκούντων)</em></strong></span> 
     </span>
     <span class='ocr_line' id='line_1_29' title="bbox 274 3295 1339 3378; baseline -0.009 -6"><span class='ocrx_word' id='word_1_218' title='bbox 274 3322 366 3372; x_wconf 87' lang='lat' dir='ltr'>causo</span> <span class='ocrx_word' id='word_1_219' title='bbox 395 3303 566 3372; x_wconf 81' lang='lat' dir='ltr'>necessario</span> <span class='ocrx_word' id='word_1_220' title='bbox 598 3302 659 3368; x_wconf 87' lang='lat' dir='ltr'>alia</span> <span class='ocrx_word' id='word_1_221' title='bbox 689 3302 787 3366; x_wconf 85' lang='lat' dir='ltr'>forma</span> <span class='ocrx_word' id='word_1_222' title='bbox 818 3298 1032 3366; x_wconf 86' lang='lat' dir='ltr'>subnectenda·</span> <span class='ocrx_word' id='word_1_223' title='bbox 1057 3299 1142 3373; x_wconf 82' lang='lat' dir='ltr'>crat,</span> <span class='ocrx_word' id='word_1_224' title='bbox 1174 3297 1230 3362; x_wconf 91' lang='lat' dir='ltr'>sed</span> <span class='ocrx_word' id='word_1_225' title='bbox 1257 3295 1339 3378; x_wconf 90' lang='lat' dir='ltr'>quod</span> 
     </span>
     <span class='ocr_line' id='line_1_30' title="bbox 274 3402 1338 3492; baseline -0.008 -18"><span class='ocrx_word' id='word_1_226' title='bbox 274 3411 375 3476; x_wconf 85' lang='lat' dir='ltr'>totum</span> <span class='ocrx_word' id='word_1_227' title='bbox 421 3409 560 3492; x_wconf 88' lang='lat' dir='ltr'>ineptum</span> <span class='ocrx_word' id='word_1_228' title='bbox 602 3409 665 3485; x_wconf 85' lang='lat' dir='ltr'>est,</span> <span class='ocrx_word' id='word_1_229' title='bbox 708 3407 846 3470; x_wconf 84' lang='lat' dir='ltr'>Africam</span> <span class='ocrx_word' id='word_1_230' title='bbox 879 3405 978 3470; x_wconf 86' lang='lat' dir='ltr'>uisam</span> <span class='ocrx_word' id='word_1_231' title='bbox 1024 3422 1091 3468; x_wconf 86' lang='lat' dir='ltr'>esso</span> <span class='ocrx_word' id='word_1_232' title='bbox 1135 3402 1338 3485; x_wconf 85' lang='lat' dir='ltr'>propinquam</span> 
     </span>
     <span class='ocr_line' id='line_1_31' title="bbox 275 3508 1338 3605; baseline -0.005 -26"><span class='ocrx_word' id='word_1_233' title='bbox 275 3534 343 3582; x_wconf 86' lang='lat' dir='ltr'>esse</span> <span class='ocrx_word' id='word_1_234' title='bbox 368 3513 498 3592; x_wconf 86' lang='lat' dir='ltr'>Siciliae,</span> <span class='ocrx_word' id='word_1_235' title='bbox 521 3532 580 3598; x_wconf 86' lang='lat' dir='ltr'>quo</span> <span class='ocrx_word' id='word_1_236' title='bbox 600 3512 679 3578; x_wconf 89' lang='lat' dir='ltr'>nihil</span> <span class='ocrx_word' id='word_1_237' title='bbox 700 3513 766 3576; x_wconf 88' lang='lat' dir='ltr'>erat</span> <span class='ocrx_word' id='word_1_238' title='bbox 786 3510 900 3576; x_wconf 86' lang='lat' dir='ltr'>certius</span> <span class='ocrx_word' id='word_1_239' title='bbox 922 3511 977 3574; x_wconf 85' lang='lat' dir='ltr'>eut</span> <span class='ocrx_word' id='word_1_240' title='bbox 997 3509 1130 3605; x_wconf 59' lang='lat' dir='ltr'>notium</span> <span class='ocrx_word' id='word_1_241' title='bbox 1152 3508 1338 3574; x_wconf 79' lang='lat' dir='ltr'>Plutarchus</span> 
     </span>
     <span class='ocr_line' id='line_1_32' title="bbox 275 3605 1339 3702; baseline -0.006 -18"><span class='ocrx_word' id='word_1_242' title='bbox 275 3620 320 3684; x_wconf 86' lang='lat' dir='ltr'>sic</span> <span class='ocrx_word' id='word_1_243' title='bbox 340 3623 496 3702; x_wconf 82' lang='lat' dir='ltr'>posuerat:</span> <span class='ocrx_word' id='word_1_244' title='bbox 520 3631 590 3690; x_wconf 79' lang='grc' dir='ltr'><strong><em>τοις</em></strong></span> <span class='ocrx_word' id='word_1_245' title='bbox 607 3620 795 3688; x_wconf 77' lang='grc' dir='ltr'><strong><em>Σικελικοῖς</em></strong></span> <span class='ocrx_word' id='word_1_246' title='bbox 814 3605 982 3696; x_wconf 82' lang='grc' dir='ltr'><strong><em>μειζόνων</em></strong></span> <span class='ocrx_word' id='word_1_247' title='bbox 995 3607 1202 3680; x_wconf 73' lang='grc' dir='ltr'><strong><em>ὑποκεῖσθαι</em></strong></span> <span class='ocrx_word' id='word_1_248' title='bbox 1227 3638 1339 3700; x_wconf 76' lang='grc' dir='ltr'><strong><em>πραγ-</em></strong></span> 
     </span>
     <span class='ocr_line' id='line_1_33' title="bbox 274 3714 1339 3814; baseline -0.006 -24"><span class='ocrx_word' id='word_1_249' title='bbox 274 3719 393 3810; x_wconf 81' lang='grc' dir='ltr'><strong><em>μύτων</em></strong></span> <span class='ocrx_word' id='word_1_250' title='bbox 421 3718 611 3792; x_wconf 87' lang='grc' dir='ltr'><strong><em>δοκούντων</em></strong></span> <span class='ocrx_word' id='word_1_251' title='bbox 644 3724 688 3808; x_wconf 74' lang='grc' dir='ltr'>τῷ</span> <span class='ocrx_word' id='word_1_252' title='bbox 717 3715 855 3814; x_wconf 73' lang='grc' dir='ltr'><strong><em>Λιβύης</em></strong></span> <span class='ocrx_word' id='word_1_253' title='bbox 884 3714 984 3805; x_wconf 74' lang='grc' dir='ltr'><strong><em>ἐγγύς</em></strong></span> <span class='ocrx_word' id='word_1_254' title='bbox 1012 3719 1120 3794; x_wconf 72' lang='grc' dir='ltr'><strong><em>εἶναι,</em></strong></span> <span class='ocrx_word' id='word_1_255' title='bbox 1149 3721 1204 3786; x_wconf 75' lang='grc' dir='ltr'><strong><em>ἐπὶ</em></strong></span> <span class='ocrx_word' id='word_1_256' title='bbox 1227 3720 1339 3785; x_wconf 82' lang='grc' dir='ltr'>ταύτα</span> 
     </span>
     <span class='ocr_line' id='line_1_34' title="bbox 275 3813 1338 3915; baseline -0.006 -19"><span class='ocrx_word' id='word_1_257' title='bbox 275 3835 401 3915; x_wconf 77' lang='grc' dir='ltr'><strong><em>τρέψας</em></strong></span> <span class='ocrx_word' id='word_1_258' title='bbox 424 3857 451 3900; x_wconf 83' lang='grc' dir='ltr'>κ.</span> <span class='ocrx_word' id='word_1_259' title='bbox 473 3858 504 3897; x_wconf 86' lang='grc' dir='ltr'>τ.</span> <span class='ocrx_word' id='word_1_260' title='bbox 527 3834 558 3896; x_wconf 80' lang='grc' dir='ltr'>λ.</span> <span class='ocrx_word' id='word_1_261' title='bbox 600 3830 678 3896; x_wconf 85' lang='lat' dir='ltr'>Sum</span> <span class='ocrx_word' id='word_1_262' title='bbox 706 3830 751 3912; x_wconf 75' lang='grc' dir='ltr'>τῷ</span> <span class='ocrx_word' id='word_1_263' title='bbox 778 3827 849 3910; x_wconf 85' lang='lat' dir='ltr'>post</span> <span class='ocrx_word' id='word_1_264' title='bbox 879 3813 958 3892; x_wconf 79' lang='grc' dir='ltr'><strong><em>τῶν</em></strong></span> <span class='ocrx_word' id='word_1_265' title='bbox 976 3825 1157 3903; x_wconf 80' lang='lat' dir='ltr'>excidisset,</span> <span class='ocrx_word' id='word_1_266' title='bbox 1182 3823 1338 3890; x_wconf 75' lang='lat' dir='ltr'>additum</span> 
     </span>
     <span class='ocr_line' id='line_1_35' title="bbox 276 3923 1341 4024; baseline -0.008 -21"><span class='ocrx_word' id='word_1_267' title='bbox 276 3938 386 4003; x_wconf 90' lang='lat' dir='ltr'>estad</span> <span class='ocrx_word' id='word_1_268' title='bbox 413 3939 598 4002; x_wconf 70' lang='lat' dir='ltr'>smutturam</span> <span class='ocrx_word' id='word_1_269' title='bbox 629 3932 821 4000; x_wconf 88' lang='lat' dir='ltr'>efficiendam</span> <span class='ocrx_word' id='word_1_270' title='bbox 849 3923 1023 4024; x_wconf 67' lang='grc' dir='ltr'><strong><em>δοκούσης.</em></strong></span> <span class='ocrx_word' id='word_1_271' title='bbox 1071 3929 1133 3996; x_wconf 86' lang='lat' dir='ltr'>Sed</span> <span class='ocrx_word' id='word_1_272' title='bbox 1162 3929 1341 3996; x_wconf 71' lang='lat' dir='ltr'>Graecorum</span> 
     </span>
     <span class='ocr_line' id='line_1_36' title="bbox 278 4033 1340 4127; baseline -0.009 -17"><span class='ocrx_word' id='word_1_273' title='bbox 278 4044 485 4127; x_wconf 83' lang='lat' dir='ltr'>exemplorum</span> <span class='ocrx_word' id='word_1_274' title='bbox 517 4041 637 4108; x_wconf 88' lang='lat' dir='ltr'>abunde</span> <span class='ocrx_word' id='word_1_275' title='bbox 668 4040 733 4104; x_wconf 89' lang='lat' dir='ltr'>iam</span> <span class='ocrx_word' id='word_1_276' title='bbox 766 4039 825 4104; x_wconf 84' lang='lat' dir='ltr'>est.</span> <span class='ocrx_word' id='word_1_277' title='bbox 881 4037 1059 4102; x_wconf 83' lang='lat' dir='ltr'>Latinorum</span> <span class='ocrx_word' id='word_1_278' title='bbox 1091 4053 1202 4119; x_wconf 85' lang='lat' dir='ltr'>agmen</span> <span class='ocrx_word' id='word_1_279' title='bbox 1235 4033 1340 4114; x_wconf 78' lang='lat' dir='ltr'>Cicero</span> 
     </span>
    </p>
   </div>
   <div class='ocr_carea' id='block_1_5' title="bbox 0 0 1491 4664">
    <p class='ocr_par' dir='ltr' id='par_1_5' title="bbox 0 0 1491 4664">
     <span class='ocr_line' id='line_1_37' title="bbox 0 0 1491 4664; baseline 0 0"><span class='ocrx_word' id='word_1_280' title='bbox 0 0 1491 4664; x_wconf 95' lang='lat' dir='ltr'> </span> 
     </span>
    </p>
   </div>
  </div>
 </body>
</html>
