3014 4666
655 271 714 326 Lib.
734 273 771 328 ΙΙ.

285 493 430 581 Iphigen.
453 487 591 570 Anum)
614 511 642 556 v.
665 491 714 568 68,
738 491 792 556 69:

319 591 431 664 didmo’
454 600 592 664 ἑλέσθαι
616 599 762 684 θυγατρὶ
784 589 992 683 μνηστήρων
1012 607 1083 674 ἕνα,

201 693 204 700 ²
318 700 400 769 ὅταν
422 705 527 770 πνοαὶ
551 709 684 789 φέροιεν
702 695 914 787 ,Ἀφροδίτης
936 706 1041 790 φίλαι.

179 807 304 894 Neque¹
320 806 445 887 πνοιαῖς
478 835 571 882 τινος
604 809 663 873 dioi
698 829 786 892 posse
818 811 890 894 puto
922 809 959 874 de
993 830 1076 886 aura,
1109 831 1175 893 quae
1208 811 1247 876 ad

181 915 314 998 aliquem
347 915 465 991 trahat,
502 933 599 999 neque
631 910 755 986 πνοιᾶς
783 909 990 1000 Ἀφροδίτης
1017 915 1077 980 alio
1106 917 1246 998 genetivo

180 1021 270 1101 (viri)
292 1019 408 1098 addito,
430 1025 461 1086 et
486 1022 620 1104 φέροιεν
638 1021 730 1086 nimis
752 1021 871 1085 infinite
892 1023 970 1104 poni.
1008 1021 1223 1087 Soribendum:

316 1123 415 1192 ὅποι
440 1129 543 1190 τινσαλ
570 1127 701 1210 φέροιεν
725 1119 932 1216 Ἀφροδίτης
958 1129 1052 1212 φίλαι

179 1232 214 1298 id
237 1235 294 1310 est,
320 1252 378 1318 quo
402 1230 456 1309 (ad
478 1239 580 1315 quem)
603 1251 684 1296 auree
705 1231 833 1298 Veneris
857 1253 925 1301 eum
948 1229 1123 1298 deferrent¹

279 1339 347 1403 lbd.
371 1339 426 1398 84:
765 1409 770 1418 ,

316 1441 402 1528 ιιιῖμὲ
425 1453 624 1526 στρατηγεῖν
648 1433 731 1516 κᾶτα
754 1445 909 1509 Μενέλεώ
933 1435 1029 1530 χάριν
1092 1471 1094 1480 ’

283 1553 284 1558 ’
315 1553 459 1623 εἴλοντο,
484 1540 651 1634 σύγγονόν
673 1572 721 1636 γε.
749 1623 752 1630 ,
811 1545 815 1554 ’

178 1654 231 1720 Sie
254 1647 380 1722 oodioes.
425 1652 540 1736 Opinon
563 1651 758 1718 scribendum
781 1665 982 1738 στρατηγεῖν
1004 1654 1151 1727 ταῦτα,
1188 1653 1243 1720 hoo

176 1756 346 1840 imperinm
365 1775 479 1840 gerere.
955 1753 958 1763 '

252 1859 344 1927 ’Παλ
366 1863 428 1924 '247
451 1883 531 1948 sqq-t
668 1857 834 1936 Ἀτθίδος
857 1857 885 1929 δ’
907 1859 999 1951 ἄγων

378 1961 537 2052 ἑξήκοντα
560 1969 644 2040 ναῦς
664 1961 691 2034 δ’
708 1970 843 2052 Θησέως
1094 1957 1097 1964 ’

377 2087 459 2148 παῖς
481 2077 556 2159 ἑξῆς
579 2067 749 2160 ἐναυλόχει
773 2069 863 2138 derio

378 2174 534 2246 Παλλάδ’
556 2187 592 2246 ἐν
613 2167 782 2267 μαναχσις

175 2327 339 2337 -κ--ω-..η
364 2333 372 2336 -

206 2408 230 2488 ¹)
249 2409 281 2466 G.
303 2413 436 2468 Dindordi
465 2417 492 2470 in
521 2413 570 2471 hee
594 2415 686 2494 fabule
711 2416 856 2486 ἀθετήσεις
880 2431 896 2468 a
919 2415 1019 2485 parvis¹
1033 2415 1122 2468 initiis
1139 2414 1238 2467 sensim

247 2519 278 2557 eo
296 2521 456 2576 progressae,
475 2507 552 2561 utin
572 2509 667 2578 quinte
686 2509 801 2562 editione
820 2511 915 2576 preter
930 2507 1067 2576 epilogum
1086 2523 1101 2558 e
1122 2507 1238 2560 Porsono

248 2598 364 2666 primum
381 2598 570 2654 addubitatum
590 2601 663 2664 (inde
682 2617 698 2654 a
715 2615 740 2652 v.
752 2603 830 2659 1532)
849 2615 863 2652 e
881 2587 985 2667 relique
1005 2597 1105 2661 fabule,
1125 2599 1148 2651 si
1167 2601 1238 2652 reete

247 2692 393 2754 numeravi,
421 2695 472 2747 399
493 2709 583 2746 versus
602 2696 637 2748 24
656 2693 721 2746 loeis
737 2695 847 2746 exsecet.
866 2693 974 2746 omnino
992 2707 1099 2762 sepono.
1118 2692 1238 2746 Ioculare

246 2782 313 2836 mihi
340 2784 460 2848 videtur,
499 2785 568 2852 quod
602 2799 647 2838 rer
683 2783 761 2838 nobie
794 2799 885 2838 versus
913 2787 1074 2850 (185-191)
1108 2784 1238 2852 relinquit

247 2873 318 2928 inter
343 2879 377 2930 14
395 2879 423 2930 et
446 2879 498 2932 110
522 2878 625 2947 spurio·
654 2877 772 2930 mirabili
795 2893 856 2930 σεεσ
884 2876 1047 2930 interiectos.
1092 2875 1238 2943 Epilogum

248 2968 367 3033 rpurium
392 2984 449 3021 esse
475 2970 622 3032 assentior,
650 2969 794 3036 videoque,
825 2969 872 3036 qui
900 2968 1040 3037 potuerint
1064 2969 1111 3020 aut
1140 2965 1237 3019 fabule

247 3061 365 3113 extreme
381 3063 458 3130 perte
476 3062 574 3115 amisso
597 3065 645 3115 ent
668 3061 738 3131 quod
763 3077 816 3116 uon
835 3061 1051 3130 intellegeretur,
1077 3061 1146 3112 recte
1165 3059 1237 3112 finiri

247 3149 373 3214 fabulam,
393 3151 447 3206 haeo
464 3151 540 3216 addi,
560 3157 658 3216 oetera',
678 3169 735 3222 quae
754 3153 894 3224 finguntur
912 3153 996 3217 seete,
1026 3169 1076 3206 non
1099 3151 1235 3220 intellego,

245 3243 292 3310 qui
311 3245 449 3314 quandove
466 3245 584 3299 accidere
602 3246 747 3316 potuerint.
784 3245 839 3299 Nee
866 3247 915 3299 hoo
933 3247 973 3298 ite
991 3245 1057 3308 dieo,
1082 3247 1114 3297 ut
1131 3245 1244 3297 nullum'

246 3334 275 3386 in
302 3335 351 3389 hoo
382 3337 473 3391 fabulo
503 3339 622 3406 spurium
650 3345 706 3392 esde
733 3355 838 3392 versum
868 3325 1025 3393 contendam
1055 3349 1182 3406 regemve
1207 3335 1236 3388 in

246 3427 368 3496 pertibus
387 3429 546 3497 quibusdam
577 3429 673 3486 fabulae
701 3449 769 3485 nova
796 3429 916 3498 quedam
944 3433 972 3483 et
999 3429 1121 3484 difficilia
1140 3427 1235 3493 obiioi;

246 3517 346 3574 sedeo
369 3521 458 3574 omnir
480 3522 559 3594 longe
588 3523 666 3578 aliter
695 3522 870 3578 examinanda
899 3525 971 3575 runt.
1017 3523 1097 3575 Eram
1121 3505 1235 3590 exempli

244 3625 324 3668 oense
352 3613 473 3669 dicturus
499 3617 531 3670 de
558 3615 677 3670 versibus
704 3619 756 3671 350
773 3615 808 3668 ed
825 3602 896 3670 355.Ι
934 3613 986 3681 Sed
1013 3614 1137 3683 pleraque
1164 3616 1235 3667 reete

246 3701 424 3773 Hartnngiue,
444 3707 497 3762 nini
516 3707 587 3776 quod
606 3725 628 3761 r.
648 3711 713 3769 351,
738 3707 808 3762 malo
826 3706 1017 3774 interpositum
1036 3709 1099 3760 ente
1117 3705 1237 3760 dilfionl-

247 3795 343 3860 tetum,
357 3811 392 3862 ¹ex
412 3799 592 3868 quibusnam
610 3804 651 3856 eet
669 3799 875 3870 Agamemnonis
892 3799 976 3868 enimi
996 3798 1129 3860 demissio,
1149 3799 1234 3866 signi-

246 3885 411 3952 ficationem,
437 3887 531 3953 obiici,
560 3908 613 3945 non
632 3892 685 3946 alio
705 3892 761 3944 loeo
779 3908 831 3944 non
849 3893 913 3959 apto
932 3890 1067 3959 interponi
1086 3889 1232 3959 oportebat.

248 3978 293 4040 (v.
312 3981 494 4037 eorumne
519 3982 666 4050 ἐμπλήσεις
688 3981 875 4048 scribendum,
904 3981 950 4038 sed
977 3984 1058 4053 enpnt
1082 3985 1135 4046 ert,
1163 3980 1234 4050 quod

247 4068 375 4138 σύγχυσίν
393 4071 425 4135 τ’,
445 4075 472 4128 εἰ
488 4074 524 4144 μή
543 4077 655 4144 poenit.)
