<?xml version="1.0" encoding="UTF-8"?>
<!DOCTYPE html PUBLIC "-//W3C//DTD XHTML 1.0 Transitional//EN"
    "http://www.w3.org/TR/xhtml1/DTD/xhtml1-transitional.dtd">
<html xmlns="http://www.w3.org/1999/xhtml" xml:lang="en" lang="en">
 <head>
  <title>
</title>
<meta http-equiv="Content-Type" content="text/html;charset=utf-8" />
  <meta name='ocr-system' content='tesseract 3.04.00' />
  <meta name='ocr-capabilities' content='ocr_page ocr_carea ocr_par ocr_line ocrx_word'/>
</head>
<body>
  <div class='ocr_page' id='page_1' title='image "./adversariacriti02madvgoog_0331.png"; bbox 0 0 3000 4668; ppageno 0'>
   <div class='ocr_carea' id='block_1_1' title="bbox 304 264 862 330">
    <p class='ocr_par' dir='ltr' id='par_1_1' title="bbox 304 264 862 330">
     <span class='ocr_line' id='line_1_1' title="bbox 304 264 862 330; baseline -0.018 -1"><span class='ocrx_word' id='word_1_1' title='bbox 304 267 365 330; x_wconf 88' lang='grc'><strong>316</strong></span> <span class='ocrx_word' id='word_1_2' title='bbox 729 264 792 320; x_wconf 82' lang='lat' dir='ltr'><strong>Lib.</strong></span> <span class='ocrx_word' id='word_1_3' title='bbox 810 264 862 320; x_wconf 89' lang='lat'><em>111.</em></span> 
     </span>
    </p>
   </div>
   <div class='ocr_carea' id='block_1_2' title="bbox 191 457 1329 2136">
    <p class='ocr_par' dir='ltr' id='par_1_2' title="bbox 191 457 1329 973">
     <span class='ocr_line' id='line_1_2' title="bbox 263 457 1328 551; baseline -0.006 -19"><span class='ocrx_word' id='word_1_4' title='bbox 263 463 320 532; x_wconf 85' lang='grc' dir='ltr'><strong>ὅτε</strong></span> <span class='ocrx_word' id='word_1_5' title='bbox 336 468 519 551; x_wconf 77' lang='grc' dir='ltr'><strong><em>σφαλέντες</em></strong></span> <span class='ocrx_word' id='word_1_6' title='bbox 533 464 600 548; x_wconf 78' lang='grc' dir='ltr'><strong>τήν</strong></span> <span class='ocrx_word' id='word_1_7' title='bbox 614 465 677 529; x_wconf 80' lang='grc' dir='ltr'>τοὺ</span> <span class='ocrx_word' id='word_1_8' title='bbox 692 464 876 534; x_wconf 72' lang='grc' dir='ltr'><strong><em>πείσαντος</em></strong></span> <span class='ocrx_word' id='word_1_9' title='bbox 889 464 979 548; x_wconf 81' lang='grc' dir='ltr'><strong><em>μίαν</em></strong></span> <span class='ocrx_word' id='word_1_10' title='bbox 992 457 1133 550; x_wconf 76' lang='grc' dir='ltr'><strong><em>γνώμην</em></strong></span> <span class='ocrx_word' id='word_1_11' title='bbox 1156 463 1328 546; x_wconf 77' lang='grc' dir='ltr'><strong><em>ζημιοῦτε.</em></strong></span> 
     </span>
     <span class='ocr_line' id='line_1_3' title="bbox 191 563 1328 657; baseline -0.004 -21"><span class='ocrx_word' id='word_1_12' title='bbox 191 631 195 636; x_wconf 89' lang='grc'>.</span> <span class='ocrx_word' id='word_1_13' title='bbox 262 573 314 638; x_wconf 88' lang='lat' dir='ltr'><strong>Ad</strong></span> <span class='ocrx_word' id='word_1_14' title='bbox 335 568 420 657; x_wconf 79' lang='grc' dir='ltr'><strong><em>πρὸς</em></strong></span> <span class='ocrx_word' id='word_1_15' title='bbox 442 563 565 657; x_wconf 75' lang='grc' dir='ltr'><strong><em>ὀργήν,</em></strong></span> <span class='ocrx_word' id='word_1_16' title='bbox 599 570 679 653; x_wconf 92' lang='lat' dir='ltr'><strong>quod</strong></span> <span class='ocrx_word' id='word_1_17' title='bbox 700 568 896 634; x_wconf 87' lang='lat' dir='ltr'><strong>notissimum</strong></span> <span class='ocrx_word' id='word_1_18' title='bbox 919 571 968 635; x_wconf 89' lang='lat' dir='ltr'><strong>est</strong></span> <span class='ocrx_word' id='word_1_19' title='bbox 998 569 1188 644; x_wconf 79' lang='lat' dir='ltr'><strong>iracunde</strong></span> <span class='ocrx_word' id='word_1_20' title='bbox 1209 569 1328 652; x_wconf 80' lang='lat' dir='ltr'><strong>signifi·</strong></span> 
     </span>
     <span class='ocr_line' id='line_1_4' title="bbox 262 668 1329 761; baseline -0.005 -18"><span class='ocrx_word' id='word_1_21' title='bbox 262 698 347 757; x_wconf 77' lang='lat' dir='ltr'><strong>care,</strong></span> <span class='ocrx_word' id='word_1_22' title='bbox 378 697 522 761; x_wconf 78' lang='lat' dir='ltr'><strong>peruerse</strong></span> <span class='ocrx_word' id='word_1_23' title='bbox 551 677 674 742; x_wconf 77' lang='lat' dir='ltr'><strong>additur</strong></span> <span class='ocrx_word' id='word_1_24' title='bbox 702 671 825 758; x_wconf 77' lang='grc' dir='ltr'><strong><em>ἥντινα</em></strong></span> <span class='ocrx_word' id='word_1_25' title='bbox 853 668 975 761; x_wconf 78' lang='grc' dir='ltr'><strong><em>τύχητε</em></strong></span> <span class='ocrx_word' id='word_1_26' title='bbox 1005 675 1151 753; x_wconf 81' lang='lat' dir='ltr'><strong>(debebat</strong></span> <span class='ocrx_word' id='word_1_27' title='bbox 1179 675 1329 756; x_wconf 76' lang='lat' dir='ltr'><strong>praterea</strong></span> 
     </span>
     <span class='ocr_line' id='line_1_5' title="bbox 263 775 1328 868; baseline -0.002 -21"><span class='ocrx_word' id='word_1_28' title='bbox 263 789 418 868; x_wconf 75' lang='grc' dir='ltr'><strong><em>ἔχοντες).</em></strong></span> <span class='ocrx_word' id='word_1_29' title='bbox 467 782 645 848; x_wconf 85' lang='lat' dir='ltr'><strong>Dividendae</strong></span> <span class='ocrx_word' id='word_1_30' title='bbox 674 781 764 846; x_wconf 75' lang='lat' dir='ltr'><strong>aliter</strong></span> <span class='ocrx_word' id='word_1_31' title='bbox 789 781 918 846; x_wconf 74' lang='lat' dir='ltr'><strong>utero:</strong></span> <span class='ocrx_word' id='word_1_32' title='bbox 952 780 1017 846; x_wconf 78' lang='grc' dir='ltr'><strong><em>’νῦν</em></strong></span> <span class='ocrx_word' id='word_1_33' title='bbox 1039 781 1074 846; x_wconf 75' lang='lat' dir='ltr'><strong>ds</strong></span> <span class='ocrx_word' id='word_1_34' title='bbox 1097 775 1186 863; x_wconf 74' lang='grc' dir='ltr'><strong><em>πρὸς</em></strong></span> <span class='ocrx_word' id='word_1_35' title='bbox 1207 775 1328 866; x_wconf 74' lang='grc' dir='ltr'><strong><em>ὀργήν,</em></strong></span> 
     </span>
     <span class='ocr_line' id='line_1_6' title="bbox 262 881 1327 973; baseline -0.001 -20"><span class='ocrx_word' id='word_1_36' title='bbox 262 885 284 973; x_wconf 76' lang='grc' dir='ltr'><em>ἢ</em></span> <span class='ocrx_word' id='word_1_37' title='bbox 292 913 312 953; x_wconf 94' lang='grc' dir='ltr'><strong><em>ν</em></strong></span> <span class='ocrx_word' id='word_1_38' title='bbox 336 912 428 953; x_wconf 90' lang='grc' dir='ltr'><strong><em>τινα</em></strong></span> <span class='ocrx_word' id='word_1_39' title='bbox 451 882 572 973; x_wconf 75' lang='grc' dir='ltr'><strong><em>τύχητε</em></strong></span> <span class='ocrx_word' id='word_1_40' title='bbox 596 881 791 971; x_wconf 69' lang='grc' dir='ltr'><strong><em>σφαλέντες,</em></strong></span> <span class='ocrx_word' id='word_1_41' title='bbox 813 882 879 970; x_wconf 75' lang='grc' dir='ltr'><strong>τήν</strong></span> <span class='ocrx_word' id='word_1_42' title='bbox 900 887 964 952; x_wconf 75' lang='grc' dir='ltr'><strong>τοῦ</strong></span> <span class='ocrx_word' id='word_1_43' title='bbox 986 887 1170 966; x_wconf 80' lang='grc' dir='ltr'><strong><em>πείσαντος</em></strong></span> <span class='ocrx_word' id='word_1_44' title='bbox 1192 910 1222 950; x_wconf 86' lang='grc' dir='ltr'><strong>κ.</strong></span> <span class='ocrx_word' id='word_1_45' title='bbox 1245 911 1274 952; x_wconf 91' lang='grc' dir='ltr'><strong>τ.</strong></span> <span class='ocrx_word' id='word_1_46' title='bbox 1299 891 1327 952; x_wconf 92' lang='grc' dir='ltr'><strong>λ.</strong></span> 
     </span>
    </p>

    <p class='ocr_par' dir='ltr' id='par_1_3' title="bbox 261 986 1328 1183">
     <span class='ocr_line' id='line_1_7' title="bbox 361 986 1328 1075; baseline -0.001 -17"><span class='ocrx_word' id='word_1_47' title='bbox 361 994 428 1059; x_wconf 94' lang='lat' dir='ltr'><strong>Ibd.</strong></span> <span class='ocrx_word' id='word_1_48' title='bbox 452 995 502 1071; x_wconf 78' lang='lat'><strong>52,</strong></span> <span class='ocrx_word' id='word_1_49' title='bbox 525 995 543 1054; x_wconf 80' lang='grc'>2</span> <span class='ocrx_word' id='word_1_50' title='bbox 566 992 763 1058; x_wconf 85' lang='lat' dir='ltr'><strong>scribendum</strong></span> <span class='ocrx_word' id='word_1_51' title='bbox 784 994 876 1075; x_wconf 80' lang='lat' dir='ltr'><strong>puto:</strong></span> <span class='ocrx_word' id='word_1_52' title='bbox 900 987 982 1065; x_wconf 74' lang='grc' dir='ltr'><strong><em>τούς</em></strong></span> <span class='ocrx_word' id='word_1_53' title='bbox 1001 1018 1039 1057; x_wconf 87' lang='grc' dir='ltr'><strong>τι</strong></span> <span class='ocrx_word' id='word_1_54' title='bbox 1061 986 1200 1064; x_wconf 70' lang='lat' dir='ltr'><strong>dsiccar</strong></span> <span class='ocrx_word' id='word_1_55' title='bbox 1228 992 1328 1058; x_wconf 80' lang='grc' dir='ltr'><strong><em>κολά-</em></strong></span> 
     </span>
     <span class='ocr_line' id='line_1_8' title="bbox 261 1091 1327 1183; baseline -0.002 -18"><span class='ocrx_word' id='word_1_56' title='bbox 261 1125 347 1175; x_wconf 81' lang='grc' dir='ltr'><strong><em>σειν,</em></strong></span> <span class='ocrx_word' id='word_1_57' title='bbox 370 1095 463 1183; x_wconf 84' lang='grc' dir='ltr'><strong><em>παρσί</em></strong></span> <span class='ocrx_word' id='word_1_58' title='bbox 488 1101 586 1183; x_wconf 72' lang='grc' dir='ltr'><strong><em>δίκην</em></strong></span> <span class='ocrx_word' id='word_1_59' title='bbox 609 1098 643 1163; x_wconf 74' lang='grc' dir='ltr'><strong>δὲ</strong></span> <span class='ocrx_word' id='word_1_60' title='bbox 665 1091 800 1162; x_wconf 74' lang='grc' dir='ltr'><strong><em>οὐδένα.</em></strong></span> <span class='ocrx_word' id='word_1_61' title='bbox 832 1098 914 1162; x_wconf 86' lang='lat' dir='ltr'><strong>Nam</strong></span> <span class='ocrx_word' id='word_1_62' title='bbox 937 1101 973 1164; x_wconf 85' lang='grc' dir='ltr'><strong>τί</strong></span> <span class='ocrx_word' id='word_1_63' title='bbox 992 1098 1221 1163; x_wconf 75' lang='lat' dir='ltr'><strong>incommodum</strong></span> <span class='ocrx_word' id='word_1_64' title='bbox 1236 1101 1293 1164; x_wconf 76' lang='lat' dir='ltr'><strong>est.</strong></span> <span class='ocrx_word' id='word_1_65' title='bbox 1303 1101 1327 1177; x_wconf 92' lang='lat'><strong>¹)</strong></span> 
     </span>
    </p>

    <p class='ocr_par' dir='ltr' id='par_1_4' title="bbox 260 1196 1327 1606">
     <span class='ocr_line' id='line_1_9' title="bbox 360 1196 1327 1290; baseline 0.004 -22"><span class='ocrx_word' id='word_1_66' title='bbox 360 1205 427 1270; x_wconf 89' lang='lat' dir='ltr'><strong>Ibd.</strong></span> <span class='ocrx_word' id='word_1_67' title='bbox 451 1205 500 1280; x_wconf 73' lang='lat'><strong>67,</strong></span> <span class='ocrx_word' id='word_1_68' title='bbox 524 1206 557 1268; x_wconf 93' lang='lat' dir='ltr'><strong>l:</strong></span> <span class='ocrx_word' id='word_1_69' title='bbox 582 1197 733 1276; x_wconf 82' lang='grc' dir='ltr'><strong><em>παλαιιίς</em></strong></span> <span class='ocrx_word' id='word_1_70' title='bbox 754 1197 879 1287; x_wconf 82' lang='grc' dir='ltr'><strong><em>σίρετοίς</em></strong></span> <span class='ocrx_word' id='word_1_71' title='bbox 900 1219 983 1278; x_wconf 87' lang='grc' dir='ltr'><strong><em>τοῖς.</em></strong></span> <span class='ocrx_word' id='word_1_72' title='bbox 1002 1196 1204 1290; x_wconf 70' lang='grc' dir='ltr'><strong>αίσχρόντεΙ</strong></span> <span class='ocrx_word' id='word_1_73' title='bbox 1227 1206 1327 1288; x_wconf 76' lang='grc' dir='ltr'><strong><em>δρῶσι</em></strong></span> 
     </span>
     <span class='ocr_line' id='line_1_10' title="bbox 262 1311 1327 1396; baseline -0.001 -19"><span class='ocrx_word' id='word_1_74' title='bbox 262 1311 443 1392; x_wconf 75' lang='grc' dir='ltr'><strong><em>διπλασίας</em></strong></span> <span class='ocrx_word' id='word_1_75' title='bbox 478 1312 601 1396; x_wconf 73' lang='grc' dir='ltr'><strong><em>ζημίας</em></strong></span> <span class='ocrx_word' id='word_1_76' title='bbox 640 1331 709 1376; x_wconf 88' lang='lat' dir='ltr'><strong>esse</strong></span> <span class='ocrx_word' id='word_1_77' title='bbox 739 1311 849 1376; x_wconf 87' lang='lat' dir='ltr'><strong>debers</strong></span> <span class='ocrx_word' id='word_1_78' title='bbox 890 1311 1041 1394; x_wconf 83' lang='lat' dir='ltr'><strong>(duplices</strong></span> <span class='ocrx_word' id='word_1_79' title='bbox 1076 1320 1214 1394; x_wconf 74' lang='lat' dir='ltr'><strong>pennas),</strong></span> <span class='ocrx_word' id='word_1_80' title='bbox 1252 1312 1327 1376; x_wconf 91' lang='lat' dir='ltr'><strong>adeo</strong></span> 
     </span>
     <span class='ocr_line' id='line_1_11' title="bbox 260 1415 1327 1501; baseline 0.001 -20"><span class='ocrx_word' id='word_1_81' title='bbox 260 1436 353 1501; x_wconf 88' lang='lat' dir='ltr'><strong>prave</strong></span> <span class='ocrx_word' id='word_1_82' title='bbox 374 1416 452 1480; x_wconf 90' lang='lat' dir='ltr'><strong>mihi</strong></span> <span class='ocrx_word' id='word_1_83' title='bbox 474 1415 534 1482; x_wconf 91' lang='lat' dir='ltr'><strong>dici</strong></span> <span class='ocrx_word' id='word_1_84' title='bbox 549 1417 682 1494; x_wconf 81' lang='lat' dir='ltr'><strong>videtur,</strong></span> <span class='ocrx_word' id='word_1_85' title='bbox 704 1419 740 1481; x_wconf 90' lang='lat' dir='ltr'><strong>ut</strong></span> <span class='ocrx_word' id='word_1_86' title='bbox 752 1416 889 1499; x_wconf 89' lang='lat' dir='ltr'><strong>suspicer</strong></span> <span class='ocrx_word' id='word_1_87' title='bbox 902 1420 971 1500; x_wconf 85' lang='lat' dir='ltr'><strong>post</strong></span> <span class='ocrx_word' id='word_1_88' title='bbox 983 1417 1166 1489; x_wconf 77' lang='grc' dir='ltr'><strong><em>διπλασίας</em></strong></span> <span class='ocrx_word' id='word_1_89' title='bbox 1179 1417 1327 1482; x_wconf 71' lang='lat' dir='ltr'><strong>excidisse</strong></span> 
     </span>
     <span class='ocr_line' id='line_1_12' title="bbox 261 1521 954 1606; baseline -0.003 -17"><span class='ocrx_word' id='word_1_90' title='bbox 261 1524 372 1594; x_wconf 87' lang='grc' dir='ltr'><strong><em>αἰτίας</em></strong></span> <span class='ocrx_word' id='word_1_91' title='bbox 394 1522 588 1599; x_wconf 77' lang='grc' dir='ltr'><strong><em>(διπλασίας</em></strong></span> <span class='ocrx_word' id='word_1_92' title='bbox 611 1523 750 1591; x_wconf 79' lang='grc' dir='ltr'><strong><em>αἰτίας</em></strong></span> <span class='ocrx_word' id='word_1_93' title='bbox 774 1521 954 1606; x_wconf 47' lang='lat' dir='ltr'><strong>§urcium-²)</strong></span> 
     </span>
    </p>

    <p class='ocr_par' dir='ltr' id='par_1_5' title="bbox 259 1622 1327 2136">
     <span class='ocr_line' id='line_1_13' title="bbox 360 1622 1326 1713; baseline -0.002 -19"><span class='ocrx_word' id='word_1_94' title='bbox 360 1629 427 1694; x_wconf 86' lang='lat' dir='ltr'><strong>Ibd.</strong></span> <span class='ocrx_word' id='word_1_95' title='bbox 449 1629 500 1706; x_wconf 76' lang='lat'><strong>81,</strong></span> <span class='ocrx_word' id='word_1_96' title='bbox 523 1631 557 1692; x_wconf 86' lang='lat'><strong>3:</strong></span> <span class='ocrx_word' id='word_1_97' title='bbox 593 1631 798 1710; x_wconf 67' lang='lat' dir='ltr'><strong>Krannestai</strong></span> <span class='ocrx_word' id='word_1_98' title='bbox 822 1629 916 1712; x_wconf 83' lang='grc' dir='ltr'><strong><em>σφῶν</em></strong></span> <span class='ocrx_word' id='word_1_99' title='bbox 941 1622 1055 1694; x_wconf 76' lang='grc' dir='ltr'><strong><em>αὐτῶν</em></strong></span> <span class='ocrx_word' id='word_1_100' title='bbox 1077 1623 1158 1700; x_wconf 75' lang='grc' dir='ltr'><strong><em>τούς</em></strong></span> <span class='ocrx_word' id='word_1_101' title='bbox 1181 1624 1326 1713; x_wconf 68' lang='grc' dir='ltr'><strong><em>ἐχθρούς</em></strong></span> 
     </span>
     <span class='ocr_line' id='line_1_14' title="bbox 260 1726 1327 1818; baseline -0.003 -16"><span class='ocrx_word' id='word_1_102' title='bbox 260 1735 447 1806; x_wconf 71' lang='grc' dir='ltr'><strong><em>δοκοῦντας</em></strong></span> <span class='ocrx_word' id='word_1_103' title='bbox 469 1733 557 1798; x_wconf 78' lang='grc' dir='ltr'><strong><em>εἶναι</em></strong></span> <span class='ocrx_word' id='word_1_104' title='bbox 578 1726 754 1818; x_wconf 80' lang='grc' dir='ltr'><strong><em>ἐφόνευον,</em></strong></span> <span class='ocrx_word' id='word_1_105' title='bbox 776 1730 842 1817; x_wconf 76' lang='grc' dir='ltr'><strong>τήν</strong></span> <span class='ocrx_word' id='word_1_106' title='bbox 869 1741 933 1818; x_wconf 80' lang='grc' dir='ltr'><strong>μίν</strong></span> <span class='ocrx_word' id='word_1_107' title='bbox 962 1735 1078 1801; x_wconf 82' lang='grc' dir='ltr'><strong><em>αἰτίαν</em></strong></span> <span class='ocrx_word' id='word_1_108' title='bbox 1108 1738 1327 1818; x_wconf 70' lang='grc' dir='ltr'><strong><em>ἐπιφέροντες</em></strong></span> 
     </span>
     <span class='ocr_line' id='line_1_15' title="bbox 259 1836 1327 1923; baseline -0.002 -17"><span class='ocrx_word' id='word_1_109' title='bbox 259 1854 330 1913; x_wconf 83' lang='grc' dir='ltr'><strong><em>τοῖς</em></strong></span> <span class='ocrx_word' id='word_1_110' title='bbox 352 1836 414 1904; x_wconf 81' lang='grc' dir='ltr'><strong>τόν</strong></span> <span class='ocrx_word' id='word_1_111' title='bbox 436 1839 549 1923; x_wconf 72' lang='grc' dir='ltr'><strong><em>δῆμον</em></strong></span> <span class='ocrx_word' id='word_1_112' title='bbox 579 1836 816 1906; x_wconf 77' lang='grc' dir='ltr'><strong><em>καταλύουσιν.</em></strong></span> <span class='ocrx_word' id='word_1_113' title='bbox 870 1839 1002 1906; x_wconf 75' lang='lat' dir='ltr'><strong>Mirifice</strong></span> <span class='ocrx_word' id='word_1_114' title='bbox 1032 1839 1199 1922; x_wconf 69' lang='lat' dir='ltr'><strong>proteruus</strong></span> <span class='ocrx_word' id='word_1_115' title='bbox 1231 1841 1327 1906; x_wconf 58' lang='lat' dir='ltr'><strong>inter*</strong></span> 
     </span>
     <span class='ocr_line' id='line_1_16' title="bbox 259 1945 1325 2032; baseline 0 -22"><span class='ocrx_word' id='word_1_116' title='bbox 259 1946 382 2010; x_wconf 89' lang='lat' dir='ltr'><strong>ficiendi</strong></span> <span class='ocrx_word' id='word_1_117' title='bbox 401 1945 593 2027; x_wconf 83' lang='lat' dir='ltr'><strong>significatur</strong></span> <span class='ocrx_word' id='word_1_118' title='bbox 614 1947 775 2032; x_wconf 88' lang='lat' dir='ltr'><strong>participio</strong></span> <span class='ocrx_word' id='word_1_119' title='bbox 797 1948 902 2014; x_wconf 87' lang='lat' dir='ltr'><strong>addito</strong></span> <span class='ocrx_word' id='word_1_120' title='bbox 924 1947 1062 2012; x_wconf 86' lang='lat' dir='ltr'><strong>articulo.</strong></span> <span class='ocrx_word' id='word_1_121' title='bbox 1109 1945 1325 2012; x_wconf 80' lang='lat' dir='ltr'><strong>scribendum:</strong></span> 
     </span>
     <span class='ocr_line' id='line_1_17' title="bbox 259 2047 1326 2136; baseline -0.001 -19"><span class='ocrx_word' id='word_1_122' title='bbox 259 2055 490 2136; x_wconf 75' lang='grc' dir='ltr'><strong><em>ἐπιφέροντες.</em></strong></span> <span class='ocrx_word' id='word_1_123' title='bbox 513 2047 532 2116; x_wconf 83' lang='grc' dir='ltr'>ὅ</span> <span class='ocrx_word' id='word_1_124' title='bbox 539 2077 576 2116; x_wconf 90' lang='grc' dir='ltr'><strong>τι</strong></span> <span class='ocrx_word' id='word_1_125' title='bbox 599 2047 662 2117; x_wconf 77' lang='grc' dir='ltr'><strong>τόν</strong></span> <span class='ocrx_word' id='word_1_126' title='bbox 678 2051 791 2136; x_wconf 78' lang='grc' dir='ltr'><strong><em>δῆμον</em></strong></span> <span class='ocrx_word' id='word_1_127' title='bbox 809 2047 1048 2119; x_wconf 68' lang='grc' dir='ltr'><strong><em>καταλύουσιν.</em></strong></span> <span class='ocrx_word' id='word_1_128' title='bbox 1071 2052 1210 2130; x_wconf 80' lang='lat' dir='ltr'><strong>(Poterat</strong></span> <span class='ocrx_word' id='word_1_129' title='bbox 1231 2053 1326 2116; x_wconf 78' lang='lat' dir='ltr'><strong>eiiam</strong></span> 
     </span>
    </p>
   </div>
   <div class='ocr_carea' id='block_1_3' title="bbox 262 2207 459 2218">
    <p class='ocr_par' dir='ltr' id='par_1_6' title="bbox 262 2207 459 2218">
     <span class='ocr_line' id='line_1_18' title="bbox 262 2207 459 2218; baseline -0.02 0"><span class='ocrx_word' id='word_1_130' title='bbox 262 2207 459 2218; x_wconf 52' lang='grc' dir='ltr'><strong>’,υ-..-μ-</strong></span> 
     </span>
    </p>
   </div>
   <div class='ocr_carea' id='block_1_4' title="bbox 282 2299 1323 4042">
    <p class='ocr_par' dir='ltr' id='par_1_7' title="bbox 290 2299 1323 2912">
     <span class='ocr_line' id='line_1_19' title="bbox 290 2299 1323 2373; baseline -0.002 -15"><span class='ocrx_word' id='word_1_131' title='bbox 290 2303 312 2373; x_wconf 86' lang='lat'><strong>¹)</strong></span> <span class='ocrx_word' id='word_1_132' title='bbox 331 2301 396 2372; x_wconf 79' lang='lat' dir='ltr'><strong>cap.</strong></span> <span class='ocrx_word' id='word_1_133' title='bbox 416 2303 450 2357; x_wconf 82' lang='lat'><strong>56</strong></span> <span class='ocrx_word' id='word_1_134' title='bbox 469 2302 536 2354; x_wconf 85' lang='lat' dir='ltr'><strong>extr.</strong></span> <span class='ocrx_word' id='word_1_135' title='bbox 556 2299 626 2354; x_wconf 89' lang='lat' dir='ltr'><strong>nihil</strong></span> <span class='ocrx_word' id='word_1_136' title='bbox 639 2301 738 2354; x_wconf 86' lang='lat' dir='ltr'><strong>certius</strong></span> <span class='ocrx_word' id='word_1_137' title='bbox 749 2299 906 2355; x_wconf 88' lang='lat' dir='ltr'><strong>Heilmanni</strong></span> <span class='ocrx_word' id='word_1_138' title='bbox 920 2301 1082 2356; x_wconf 72' lang='lat' dir='ltr'><strong>correctione</strong></span> <span class='ocrx_word' id='word_1_139' title='bbox 1096 2301 1124 2355; x_wconf 87' lang='lat' dir='ltr'><strong>et</strong></span> <span class='ocrx_word' id='word_1_140' title='bbox 1136 2301 1323 2370; x_wconf 83' lang='lat' dir='ltr'><strong>explicatione.</strong></span> 
     </span>
     <span class='ocr_line' id='line_1_20' title="bbox 324 2392 1323 2464; baseline -0.002 -14"><span class='ocrx_word' id='word_1_141' title='bbox 324 2395 502 2464; x_wconf 77' lang='lat' dir='ltr'><strong>&#39;Relinquitur</strong></span> <span class='ocrx_word' id='word_1_142' title='bbox 521 2392 684 2447; x_wconf 75' lang='lat' dir='ltr'><strong>submoleste</strong></span> <span class='ocrx_word' id='word_1_143' title='bbox 707 2397 737 2446; x_wconf 83' lang='lat' dir='ltr'><strong>et</strong></span> <span class='ocrx_word' id='word_1_144' title='bbox 759 2393 848 2446; x_wconf 88' lang='lat' dir='ltr'><strong>inanis</strong></span> <span class='ocrx_word' id='word_1_145' title='bbox 866 2393 1032 2448; x_wconf 87' lang='lat' dir='ltr'><strong>discriminis</strong></span> <span class='ocrx_word' id='word_1_146' title='bbox 1050 2395 1150 2464; x_wconf 69' lang='lat' dir='ltr'><strong>specim</strong></span> <span class='ocrx_word' id='word_1_147' title='bbox 1169 2395 1198 2447; x_wconf 91' lang='lat' dir='ltr'><strong>in</strong></span> <span class='ocrx_word' id='word_1_148' title='bbox 1218 2396 1323 2462; x_wconf 76' lang='grc' dir='ltr'><strong><em>ξυμφέ-</em></strong></span> 
     </span>
     <span class='ocr_line' id='line_1_21' title="bbox 329 2483 1323 2556; baseline 0 -16"><span class='ocrx_word' id='word_1_149' title='bbox 329 2509 380 2555; x_wconf 80' lang='grc' dir='ltr'><strong>ρον</strong></span> <span class='ocrx_word' id='word_1_150' title='bbox 398 2489 427 2539; x_wconf 88' lang='lat' dir='ltr'><strong>et</strong></span> <span class='ocrx_word' id='word_1_151' title='bbox 442 2483 594 2553; x_wconf 68' lang='lat' dir='ltr'><strong>sicilianos,</strong></span> <span class='ocrx_word' id='word_1_152' title='bbox 613 2488 646 2539; x_wconf 90' lang='lat' dir='ltr'><strong>ut</strong></span> <span class='ocrx_word' id='word_1_153' title='bbox 664 2501 718 2539; x_wconf 91' lang='lat' dir='ltr'><strong>non</strong></span> <span class='ocrx_word' id='word_1_154' title='bbox 736 2501 796 2540; x_wconf 91' lang='lat' dir='ltr'><strong>raro</strong></span> <span class='ocrx_word' id='word_1_155' title='bbox 817 2487 846 2540; x_wconf 77' lang='lat' dir='ltr'><strong>in·</strong></span> <span class='ocrx_word' id='word_1_156' title='bbox 869 2487 1038 2541; x_wconf 69' lang='lat' dir='ltr'><strong>erasionibus</strong></span> <span class='ocrx_word' id='word_1_157' title='bbox 1054 2486 1245 2556; x_wconf 76' lang='lat' dir='ltr'><strong>Thucydideis.</strong></span> <span class='ocrx_word' id='word_1_158' title='bbox 1289 2487 1323 2541; x_wconf 89' lang='lat' dir='ltr'><strong>In</strong></span> 
     </span>
     <span class='ocr_line' id='line_1_22' title="bbox 326 2561 1322 2648; baseline -0.001 -15"><span class='ocrx_word' id='word_1_159' title='bbox 326 2561 526 2648; x_wconf 81' lang='lat' dir='ltr'><strong>superstitionis</strong></span> <span class='ocrx_word' id='word_1_160' title='bbox 536 2578 609 2632; x_wconf 90' lang='lat' dir='ltr'><strong>enim</strong></span> <span class='ocrx_word' id='word_1_161' title='bbox 618 2578 787 2646; x_wconf 77' lang='lat' dir='ltr'><strong>philologius</strong></span> <span class='ocrx_word' id='word_1_162' title='bbox 804 2581 880 2648; x_wconf 84' lang='lat' dir='ltr'><strong>parte</strong></span> <span class='ocrx_word' id='word_1_163' title='bbox 899 2595 995 2648; x_wconf 76' lang='lat' dir='ltr'><strong>ponem</strong></span> <span class='ocrx_word' id='word_1_164' title='bbox 1013 2579 1093 2642; x_wconf 89' lang='lat' dir='ltr'><strong>soleo,</strong></span> <span class='ocrx_word' id='word_1_165' title='bbox 1112 2579 1183 2647; x_wconf 89' lang='lat' dir='ltr'><strong>quod</strong></span> <span class='ocrx_word' id='word_1_166' title='bbox 1201 2578 1322 2648; x_wconf 84' lang='lat' dir='ltr'><strong>plerique</strong></span> 
     </span>
     <span class='ocr_line' id='line_1_23' title="bbox 327 2671 1321 2741; baseline -0.002 -15"><span class='ocrx_word' id='word_1_167' title='bbox 327 2673 376 2726; x_wconf 92' lang='lat' dir='ltr'><strong>has</strong></span> <span class='ocrx_word' id='word_1_168' title='bbox 394 2671 530 2726; x_wconf 87' lang='lat' dir='ltr'><strong>orationes</strong></span> <span class='ocrx_word' id='word_1_169' title='bbox 549 2673 689 2740; x_wconf 86' lang='lat' dir='ltr'><strong>tantopere</strong></span> <span class='ocrx_word' id='word_1_170' title='bbox 707 2671 883 2730; x_wconf 80' lang='lat' dir='ltr'><strong>admirantur.</strong></span> <span class='ocrx_word' id='word_1_171' title='bbox 925 2672 984 2741; x_wconf 80' lang='lat' dir='ltr'><strong>Ego</strong></span> <span class='ocrx_word' id='word_1_172' title='bbox 1002 2672 1142 2740; x_wconf 83' lang='lat' dir='ltr'><strong>egregium</strong></span> <span class='ocrx_word' id='word_1_173' title='bbox 1160 2673 1188 2726; x_wconf 89' lang='lat' dir='ltr'><strong>et</strong></span> <span class='ocrx_word' id='word_1_174' title='bbox 1205 2671 1321 2740; x_wconf 86' lang='lat' dir='ltr'><strong>pruden-</strong></span> 
     </span>
     <span class='ocr_line' id='line_1_24' title="bbox 325 2749 1322 2840; baseline -0.003 -21"><span class='ocrx_word' id='word_1_175' title='bbox 325 2765 461 2828; x_wconf 86' lang='lat' dir='ltr'><strong>tissimum</strong></span> <span class='ocrx_word' id='word_1_176' title='bbox 491 2779 580 2818; x_wconf 88' lang='lat' dir='ltr'><strong>rerum</strong></span> <span class='ocrx_word' id='word_1_177' title='bbox 609 2767 746 2840; x_wconf 76' lang='lat' dir='ltr'><strong>gestarum</strong></span> <span class='ocrx_word' id='word_1_178' title='bbox 767 2767 942 2832; x_wconf 83' lang='lat' dir='ltr'><strong>narratorem</strong></span> <span class='ocrx_word' id='word_1_179' title='bbox 974 2765 1056 2818; x_wconf 87' lang='lat' dir='ltr'><strong>etiam</strong></span> <span class='ocrx_word' id='word_1_180' title='bbox 1093 2764 1122 2816; x_wconf 93' lang='lat' dir='ltr'><strong>in</strong></span> <span class='ocrx_word' id='word_1_181' title='bbox 1156 2749 1322 2818; x_wconf 82' lang='lat' dir='ltr'><strong>orationibus</strong></span> 
     </span>
     <span class='ocr_line' id='line_1_25' title="bbox 325 2855 1320 2912; baseline -0.004 0"><span class='ocrx_word' id='word_1_182' title='bbox 325 2858 411 2912; x_wconf 88' lang='lat' dir='ltr'><strong>multa</strong></span> <span class='ocrx_word' id='word_1_183' title='bbox 429 2860 508 2911; x_wconf 86' lang='lat' dir='ltr'><strong>acute</strong></span> <span class='ocrx_word' id='word_1_184' title='bbox 526 2859 554 2910; x_wconf 90' lang='lat' dir='ltr'><strong>et</strong></span> <span class='ocrx_word' id='word_1_185' title='bbox 572 2873 632 2909; x_wconf 90' lang='lat' dir='ltr'><strong>oum</strong></span> <span class='ocrx_word' id='word_1_186' title='bbox 652 2856 750 2909; x_wconf 89' lang='lat' dir='ltr'><strong>subtili</strong></span> <span class='ocrx_word' id='word_1_187' title='bbox 773 2857 921 2912; x_wconf 89' lang='lat' dir='ltr'><strong>animorum</strong></span> <span class='ocrx_word' id='word_1_188' title='bbox 947 2861 974 2911; x_wconf 90' lang='lat' dir='ltr'><strong>et</strong></span> <span class='ocrx_word' id='word_1_189' title='bbox 997 2857 1168 2911; x_wconf 90' lang='lat' dir='ltr'><strong>consiliorum</strong></span> <span class='ocrx_word' id='word_1_190' title='bbox 1190 2855 1320 2910; x_wconf 89' lang='lat' dir='ltr'><strong>humano·</strong></span> 
     </span>
    </p>

    <p class='ocr_par' dir='ltr' id='par_1_8' title="bbox 290 2948 1320 3850">
     <span class='ocr_line' id='line_1_26' title="bbox 290 2948 1320 3018; baseline -0.001 -16"><span class='ocrx_word' id='word_1_191' title='bbox 290 2981 292 2988; x_wconf 40' lang='grc' dir='ltr'><strong><em>ι</em></strong></span> <span class='ocrx_word' id='word_1_192' title='bbox 325 2967 384 3003; x_wconf 90' lang='lat' dir='ltr'><strong>rum</strong></span> <span class='ocrx_word' id='word_1_193' title='bbox 402 2949 592 3016; x_wconf 88' lang='lat' dir='ltr'><strong>intellegentia</strong></span> <span class='ocrx_word' id='word_1_194' title='bbox 605 2949 769 3018; x_wconf 75' lang='lat' dir='ltr'><strong>excogitasse</strong></span> <span class='ocrx_word' id='word_1_195' title='bbox 782 2951 809 3002; x_wconf 90' lang='lat' dir='ltr'><strong>et</strong></span> <span class='ocrx_word' id='word_1_196' title='bbox 822 2951 942 3018; x_wconf 87' lang='lat' dir='ltr'><strong>posuisse</strong></span> <span class='ocrx_word' id='word_1_197' title='bbox 955 2950 1090 3016; x_wconf 88' lang='lat' dir='ltr'><strong>confiteor,</strong></span> <span class='ocrx_word' id='word_1_198' title='bbox 1110 2949 1157 3002; x_wconf 89' lang='lat' dir='ltr'><strong>sed</strong></span> <span class='ocrx_word' id='word_1_199' title='bbox 1175 2964 1213 3010; x_wconf 88' lang='lat' dir='ltr'><strong>ea,</strong></span> <span class='ocrx_word' id='word_1_200' title='bbox 1234 2948 1320 3017; x_wconf 88' lang='lat' dir='ltr'><strong>specie</strong></span> 
     </span>
     <span class='ocr_line' id='line_1_27' title="bbox 324 3031 1320 3112; baseline -0.001 -18"><span class='ocrx_word' id='word_1_201' title='bbox 324 3041 440 3111; x_wconf 88' lang='lat' dir='ltr'><strong>quadam</strong></span> <span class='ocrx_word' id='word_1_202' title='bbox 460 3033 589 3094; x_wconf 75' lang='lat' dir='ltr'><strong>devitatis</strong></span> <span class='ocrx_word' id='word_1_203' title='bbox 609 3043 637 3094; x_wconf 85' lang='lat' dir='ltr'><strong>st</strong></span> <span class='ocrx_word' id='word_1_204' title='bbox 656 3057 687 3094; x_wconf 85' lang='lat' dir='ltr'><strong>ex</strong></span> <span class='ocrx_word' id='word_1_205' title='bbox 711 3041 855 3098; x_wconf 88' lang='lat' dir='ltr'><strong>insolentia</strong></span> <span class='ocrx_word' id='word_1_206' title='bbox 879 3042 1064 3096; x_wconf 73' lang='lat' dir='ltr'><strong>admirationis</strong></span> <span class='ocrx_word' id='word_1_207' title='bbox 1082 3031 1194 3112; x_wconf 87' lang='lat' dir='ltr'><strong>captum</strong></span> <span class='ocrx_word' id='word_1_208' title='bbox 1209 3039 1320 3094; x_wconf 91' lang='lat' dir='ltr'><strong>moleste</strong></span> 
     </span>
     <span class='ocr_line' id='line_1_28' title="bbox 325 3132 1320 3204; baseline -0.002 -16"><span class='ocrx_word' id='word_1_209' title='bbox 325 3137 353 3188; x_wconf 90' lang='lat' dir='ltr'><strong>et</strong></span> <span class='ocrx_word' id='word_1_210' title='bbox 371 3133 481 3187; x_wconf 88' lang='lat' dir='ltr'><strong>obscure</strong></span> <span class='ocrx_word' id='word_1_211' title='bbox 499 3132 634 3186; x_wconf 89' lang='lat' dir='ltr'><strong>elocutum</strong></span> <span class='ocrx_word' id='word_1_212' title='bbox 654 3135 683 3185; x_wconf 89' lang='lat' dir='ltr'><strong>et</strong></span> <span class='ocrx_word' id='word_1_213' title='bbox 701 3149 754 3186; x_wconf 92' lang='lat' dir='ltr'><strong>non</strong></span> <span class='ocrx_word' id='word_1_214' title='bbox 772 3149 832 3187; x_wconf 89' lang='lat' dir='ltr'><strong>raro</strong></span> <span class='ocrx_word' id='word_1_215' title='bbox 850 3134 976 3188; x_wconf 91' lang='lat' dir='ltr'><strong>inanibus</strong></span> <span class='ocrx_word' id='word_1_216' title='bbox 998 3133 1127 3204; x_wconf 80' lang='lat' dir='ltr'><strong>falsisque</strong></span> <span class='ocrx_word' id='word_1_217' title='bbox 1151 3133 1320 3188; x_wconf 75' lang='lat' dir='ltr'><strong>acuminibus</strong></span> 
     </span>
     <span class='ocr_line' id='line_1_29' title="bbox 315 3224 1319 3297; baseline -0.001 -17"><span class='ocrx_word' id='word_1_218' title='bbox 315 3227 470 3280; x_wconf 70' lang='lat' dir='ltr'><strong>‘involvisse</strong></span> <span class='ocrx_word' id='word_1_219' title='bbox 495 3224 567 3287; x_wconf 90' lang='lat' dir='ltr'><strong>dico,</strong></span> <span class='ocrx_word' id='word_1_220' title='bbox 595 3225 730 3279; x_wconf 88' lang='lat' dir='ltr'><strong>interdum</strong></span> <span class='ocrx_word' id='word_1_221' title='bbox 752 3227 875 3280; x_wconf 84' lang='lat' dir='ltr'><strong>notiones</strong></span> <span class='ocrx_word' id='word_1_222' title='bbox 898 3230 1094 3295; x_wconf 82' lang='lat' dir='ltr'><strong>pervertentem</strong></span> <span class='ocrx_word' id='word_1_223' title='bbox 1118 3229 1146 3280; x_wconf 86' lang='lat' dir='ltr'><strong>et</strong></span> <span class='ocrx_word' id='word_1_224' title='bbox 1163 3228 1319 3297; x_wconf 83' lang='lat' dir='ltr'><strong>permutan-</strong></span> 
     </span>
     <span class='ocr_line' id='line_1_30' title="bbox 324 3318 1320 3388; baseline -0.002 -14"><span class='ocrx_word' id='word_1_225' title='bbox 324 3323 389 3383; x_wconf 86' lang='lat' dir='ltr'><strong>tem,</strong></span> <span class='ocrx_word' id='word_1_226' title='bbox 417 3320 582 3387; x_wconf 82' lang='lat' dir='ltr'><strong>maximaque</strong></span> <span class='ocrx_word' id='word_1_227' title='bbox 609 3318 643 3370; x_wconf 92' lang='lat' dir='ltr'><strong>in.</strong></span> <span class='ocrx_word' id='word_1_228' title='bbox 667 3319 809 3387; x_wconf 87' lang='lat' dir='ltr'><strong>partiendo</strong></span> <span class='ocrx_word' id='word_1_229' title='bbox 830 3320 949 3374; x_wconf 87' lang='lat' dir='ltr'><strong>membra</strong></span> <span class='ocrx_word' id='word_1_230' title='bbox 966 3321 1044 3388; x_wconf 86' lang='lat' dir='ltr'><strong>qussi</strong></span> <span class='ocrx_word' id='word_1_231' title='bbox 1062 3320 1095 3374; x_wconf 89' lang='lat' dir='ltr'><strong>da</strong></span> <span class='ocrx_word' id='word_1_232' title='bbox 1112 3320 1249 3374; x_wconf 87' lang='lat' dir='ltr'><strong>industria</strong></span> <span class='ocrx_word' id='word_1_233' title='bbox 1266 3334 1320 3373; x_wconf 89' lang='lat' dir='ltr'><strong>non</strong></span> 
     </span>
     <span class='ocr_line' id='line_1_31' title="bbox 325 3411 1318 3482; baseline -0.003 -16"><span class='ocrx_word' id='word_1_234' title='bbox 325 3415 475 3466; x_wconf 85' lang='lat' dir='ltr'><strong>servantem</strong></span> <span class='ocrx_word' id='word_1_235' title='bbox 494 3414 692 3480; x_wconf 86' lang='lat' dir='ltr'><strong>tenentemque.</strong></span> <span class='ocrx_word' id='word_1_236' title='bbox 731 3411 801 3466; x_wconf 89' lang='lat' dir='ltr'><strong>Nam</strong></span> <span class='ocrx_word' id='word_1_237' title='bbox 820 3412 890 3481; x_wconf 91' lang='lat' dir='ltr'><strong>quod</strong></span> <span class='ocrx_word' id='word_1_238' title='bbox 908 3413 1087 3482; x_wconf 85' lang='lat' dir='ltr'><strong>cogitatorum</strong></span> <span class='ocrx_word' id='word_1_239' title='bbox 1106 3412 1256 3468; x_wconf 85' lang='lat' dir='ltr'><strong>subtilitati</strong></span> <span class='ocrx_word' id='word_1_240' title='bbox 1274 3427 1318 3464; x_wconf 88' lang='lat' dir='ltr'><strong>ex-</strong></span> 
     </span>
     <span class='ocr_line' id='line_1_32' title="bbox 324 3503 1318 3574; baseline -0.001 -17"><span class='ocrx_word' id='word_1_241' title='bbox 324 3503 468 3572; x_wconf 82' lang='lat' dir='ltr'><strong>primendae</strong></span> <span class='ocrx_word' id='word_1_242' title='bbox 487 3521 540 3558; x_wconf 92' lang='lat' dir='ltr'><strong>non</strong></span> <span class='ocrx_word' id='word_1_243' title='bbox 559 3503 693 3558; x_wconf 85' lang='lat' dir='ltr'><strong>suffecisse</strong></span> <span class='ocrx_word' id='word_1_244' title='bbox 712 3505 839 3558; x_wconf 88' lang='lat' dir='ltr'><strong>orationis</strong></span> <span class='ocrx_word' id='word_1_245' title='bbox 857 3505 946 3573; x_wconf 91' lang='lat' dir='ltr'><strong>copias</strong></span> <span class='ocrx_word' id='word_1_246' title='bbox 965 3507 1077 3574; x_wconf 84' lang='lat' dir='ltr'><strong>putant,</strong></span> <span class='ocrx_word' id='word_1_247' title='bbox 1103 3506 1180 3560; x_wconf 88' lang='lat' dir='ltr'><strong>erant</strong></span> <span class='ocrx_word' id='word_1_248' title='bbox 1198 3503 1318 3574; x_wconf 81' lang='lat' dir='ltr'><strong>quadam</strong></span> 
     </span>
     <span class='ocr_line' id='line_1_33' title="bbox 323 3579 1317 3664; baseline -0.001 -15"><span class='ocrx_word' id='word_1_249' title='bbox 323 3579 400 3649; x_wconf 87' lang='lat' dir='ltr'><strong>novis</strong></span> <span class='ocrx_word' id='word_1_250' title='bbox 423 3596 553 3664; x_wconf 84' lang='lat' dir='ltr'><strong>signanda</strong></span> <span class='ocrx_word' id='word_1_251' title='bbox 576 3596 744 3660; x_wconf 80' lang='lat' dir='ltr'><strong>nominibus,</strong></span> <span class='ocrx_word' id='word_1_252' title='bbox 773 3597 819 3650; x_wconf 90' lang='lat' dir='ltr'><strong>sed</strong></span> <span class='ocrx_word' id='word_1_253' title='bbox 843 3599 925 3652; x_wconf 88' lang='lat' dir='ltr'><strong>velim</strong></span> <span class='ocrx_word' id='word_1_254' title='bbox 948 3597 1123 3652; x_wconf 84' lang='lat' dir='ltr'><strong>admiratores</strong></span> <span class='ocrx_word' id='word_1_255' title='bbox 1142 3593 1317 3658; x_wconf 79' lang='lat' dir='ltr'><strong>considerent,</strong></span> 
     </span>
     <span class='ocr_line' id='line_1_34' title="bbox 323 3686 1317 3762; baseline 0.001 -23"><span class='ocrx_word' id='word_1_256' title='bbox 323 3686 387 3756; x_wconf 90' lang='lat' dir='ltr'><strong>quid</strong></span> <span class='ocrx_word' id='word_1_257' title='bbox 405 3687 457 3756; x_wconf 90' lang='lat' dir='ltr'><strong>ipsi</strong></span> <span class='ocrx_word' id='word_1_258' title='bbox 476 3688 614 3756; x_wconf 81' lang='lat' dir='ltr'><strong>sapientia</strong></span> <span class='ocrx_word' id='word_1_259' title='bbox 637 3688 765 3744; x_wconf 89' lang='lat' dir='ltr'><strong>detractis</strong></span> <span class='ocrx_word' id='word_1_260' title='bbox 791 3691 936 3745; x_wconf 86' lang='lat' dir='ltr'><strong>involucris</strong></span> <span class='ocrx_word' id='word_1_261' title='bbox 960 3693 1124 3762; x_wconf 85' lang='lat' dir='ltr'><strong>relinquant.</strong></span> <span class='ocrx_word' id='word_1_262' title='bbox 1167 3687 1317 3743; x_wconf 83' lang='lat' dir='ltr'><strong>Admodum</strong></span> 
     </span>
     <span class='ocr_line' id='line_1_35' title="bbox 325 3781 1104 3850; baseline 0.005 -16"><span class='ocrx_word' id='word_1_263' title='bbox 325 3781 415 3834; x_wconf 86' lang='lat' dir='ltr'><strong>tamen</strong></span> <span class='ocrx_word' id='word_1_264' title='bbox 434 3781 547 3850; x_wconf 87' lang='lat' dir='ltr'><strong>antiqua</strong></span> <span class='ocrx_word' id='word_1_265' title='bbox 565 3783 607 3834; x_wconf 88' lang='lat' dir='ltr'><strong>est</strong></span> <span class='ocrx_word' id='word_1_266' title='bbox 624 3781 681 3836; x_wconf 84' lang='lat' dir='ltr'><strong>bae</strong></span> <span class='ocrx_word' id='word_1_267' title='bbox 698 3783 841 3837; x_wconf 87' lang='lat' dir='ltr'><strong>admiratio</strong></span> <span class='ocrx_word' id='word_1_268' title='bbox 860 3799 914 3840; x_wconf 90' lang='lat' dir='ltr'><strong>nou</strong></span> <span class='ocrx_word' id='word_1_269' title='bbox 933 3785 998 3840; x_wconf 86' lang='lat' dir='ltr'><strong>satis</strong></span> <span class='ocrx_word' id='word_1_270' title='bbox 1016 3788 1104 3839; x_wconf 89' lang='lat' dir='ltr'><strong>cauta.</strong></span> 
     </span>
    </p>

    <p class='ocr_par' dir='ltr' id='par_1_9' title="bbox 282 3869 1316 4042">
     <span class='ocr_line' id='line_1_36' title="bbox 282 3869 1316 3948; baseline -0.003 -20"><span class='ocrx_word' id='word_1_271' title='bbox 282 3869 307 3939; x_wconf 61' lang='grc' dir='ltr'><strong>ς)</strong></span> <span class='ocrx_word' id='word_1_272' title='bbox 326 3872 391 3941; x_wconf 82' lang='lat' dir='ltr'><strong>Gap.</strong></span> <span class='ocrx_word' id='word_1_273' title='bbox 409 3875 452 3936; x_wconf 81' lang='lat'><strong>58,</strong></span> <span class='ocrx_word' id='word_1_274' title='bbox 471 3877 489 3930; x_wconf 87' lang='grc'><strong>3</strong></span> <span class='ocrx_word' id='word_1_275' title='bbox 507 3874 587 3943; x_wconf 88' lang='lat' dir='ltr'><strong>paulo</strong></span> <span class='ocrx_word' id='word_1_276' title='bbox 612 3875 722 3943; x_wconf 86' lang='lat' dir='ltr'><strong>propius</strong></span> <span class='ocrx_word' id='word_1_277' title='bbox 739 3875 773 3928; x_wconf 90' lang='lat' dir='ltr'><strong>ad</strong></span> <span class='ocrx_word' id='word_1_278' title='bbox 791 3875 898 3932; x_wconf 89' lang='lat' dir='ltr'><strong>litteras</strong></span> <span class='ocrx_word' id='word_1_279' title='bbox 908 3877 1077 3948; x_wconf 60' lang='lat' dir='ltr'><strong>diuiduum)</strong></span> <span class='ocrx_word' id='word_1_280' title='bbox 1102 3874 1205 3932; x_wconf 80' lang='lat' dir='ltr'><strong>accedit</strong></span> <span class='ocrx_word' id='word_1_281' title='bbox 1222 3871 1316 3930; x_wconf 74' lang='lat' dir='ltr'><strong>lasc-</strong></span> 
     </span>
     <span class='ocr_line' id='line_1_37' title="bbox 323 3953 1218 4042; baseline 0.009 -25"><span class='ocrx_word' id='word_1_282' title='bbox 323 3963 409 4032; x_wconf 72' lang='grc' dir='ltr'><strong><em>ματι</em></strong></span> <span class='ocrx_word' id='word_1_283' title='bbox 430 3981 518 4032; x_wconf 80' lang='lat' dir='ltr'><strong>quam·</strong></span> <span class='ocrx_word' id='word_1_284' title='bbox 529 3953 601 4034; x_wconf 85' lang='lat' dir='ltr'><strong>quod</strong></span> <span class='ocrx_word' id='word_1_285' title='bbox 619 3967 796 4022; x_wconf 88' lang='lat' dir='ltr'><strong>Blomficldus</strong></span> <span class='ocrx_word' id='word_1_286' title='bbox 814 3973 961 4040; x_wconf 84' lang='lat' dir='ltr'><strong>proposuit,</strong></span> <span class='ocrx_word' id='word_1_287' title='bbox 981 3971 1136 4042; x_wconf 72' lang='grc' dir='ltr'><strong><em>ἑστιάματα</em></strong></span> <span class='ocrx_word' id='word_1_288' title='bbox 1215 4005 1218 4012; x_wconf 71' lang='grc'><strong><em>»</em></strong></span> 
     </span>
    </p>
   </div>
   <div class='ocr_carea' id='block_1_5' title="bbox 0 0 1504 4668">
    <p class='ocr_par' dir='ltr' id='par_1_10' title="bbox 0 0 1504 4668">
     <span class='ocr_line' id='line_1_38' title="bbox 0 0 1504 4668; baseline 0 3"><span class='ocrx_word' id='word_1_289' title='bbox 0 0 1504 4668; x_wconf 95' lang='lat' dir='ltr'><strong> </strong></span> 
     </span>
    </p>
   </div>
  </div>
 </body>
</html>
