2994 4672
648 309 709 366 Lib.
726 309 780 366 m.
1133 309 1202 371 -461
1292 368 1293 372 ,

181 513 286 596 legum
308 510 442 586 violatio,
464 509 577 576 deinde
597 506 722 590 (preter
735 507 993 592 omnium'legum
1014 510 1246 584 violationemi)
1273 579 1275 584 ,
1336 563 1338 568 ,

182 618 220 683 de
252 617 361 683 ceteris
394 615 531 682 dietums
563 615 663 680 orator
696 612 759 686 est;
783 614 845 678 ,sed
876 634 913 680 ex
944 615 1000 692 iis,
1038 635 1105 699 quae
1143 616 1249 680 contre

182 742 287 789 omnes
308 723 393 805 leges
418 721 609 788 Timocrates
630 718 719 794 feeit,
746 719 881 802 primum
903 719 941 785 de
969 741 1004 786 eo
1031 721 1168 786 dietums
1190 725 1251 797 est,

183 829 263 912 quod
284 829 339 894 ille
359 827 494 910 primum
521 825 685 892 commisit.
738 825 940 894 Soribendum
965 827 1076 910 igitur:
1111 827 1249 910 πρῶτον

182 941 247 1018 μὲν
262 927 337 1010 οὖν,
360 929 445 1014 ὅπερ
460 922 599 1011 ἠδίκησε
614 925 763 1013 πρῶτον,
785 924 878 997 τοῦτ’
895 931 957 1014 ἐρῶ
974 920 1026 996 οἷν
1045 927 1138 1017 παρσί
1162 925 1250 997 πιίν·

133 1105 136 1111 ,
183 1032 494 1120 recrederemus
516 1039 727 1114 ἐνομοθέτει.

283 1146 351 1211 Ibd.
379 1145 454 1234 282„
479 1135 551 1206 ἄλλ’
594 1149 651 1207 ἵνα
687 1139 739 1227 μή
779 1147 1062 1228 προαισθομένου
1100 1137 1251 1229 μηδενὸσ

185 1243 382 1334 α’νθροίποιν
402 1241 485 1333 μηδ’
506 1240 732 1322 ἀντειπόντος
754 1251 875 1334 τεθείη
898 1252 952 1315 uui
980 1253 1112 1336 γένοιτο
1136 1245 1251 1334 ιιιίρισς
1307 1317 1324 1332 ,1

185 1353 301 1430 αὐτοῖς
323 1352 379 1422 ὅδε
402 1350 422 1420 ὁ
446 1405 452 1418 .
477 1403 483 1415 .
509 1400 517 1417 .
540 1346 657 1437 νόμος.
704 1354 929 1420 Scribendum:
962 1349 1132 1431 o'ii'i'uo,
1165 1379 1279 1440 πρε,-’

185 1465 401 1548 αισθομίνοοι
426 1454 576 1546 μηδενός
602 1453 685 1544 μηδ’
707 1455 944 1537 α’ντειπόντος,
973 1463 1094 1546 τεθείη
1117 1489 1146 1527 ιι.
1169 1489 1196 1526 τ.
1222 1465 1251 1527 λ.

184 1571 266 1636 Nom
288 1563 337 1652 μή
358 1568 430 1650 post
452 1573 508 1632 ἵνα
523 1567 695 1632 subieetum
711 1568 782 1631 ante
797 1570 1081 1651 προαισθομένου
1101 1560 1252 1653 μηδενός
1342 1599 1346 1606 ·

184 1675 357 1741 necessaria
378 1673 527 1737 sermonis
548 1673 617 1755 lege
640 1672 679 1736 ed
701 1674 832 1757 τεθείη
846 1674 990 1756 pertinet,
1016 1693 1075 1758 quo
1098 1676 1255 1741 sententia

186 1781 343 1847 evertitur.
859 1786 867 1806 ¹

287 1884 355 1949 lbi.
382 1883 459 1948 156:
499 1879 572 1968 Τήν
594 1887 660 1967 μὲν
690 1873 754 1948 οὖν
776 1885 839 1948 τοῦ
859 1878 1032 1966 ὀνόματος
1054 1887 1253 1968 φιλανθρα-

187 1990 273 2055 πίαν
294 1987 345 2054 ὅτι
369 1981 499 2073 ταύτην
520 1985 564 2054 ἂν
584 1983 732 2072 μάλιστα
755 1989 955 2073 προσίεσθε,
977 1991 1119 2056 κατεῖδε.
1157 1991 1253 2056 Serib.
1324 2045 1330 2061 .

188 2101 422 2180 προσεῖσθε
445 2096 540 2178 (quod
554 2096 644 2160 video
657 2116 738 2160 nuno
751 2097 783 2160 in
799 2082 916 2160 duob'us
940 2095 1026 2162 eodd.
1050 2103 1143 2174 esse),
1165 2100 1253 2179 opta-

186 2203 250 2267 tivo
268 2201 367 2266 modo.
415 2201 604 2279 (Dindorfius
627 2198 671 2266 σ’ίν
693 2201 831 2276 sustulit,
853 2220 892 2264 ne
916 2201 955 2264 ael
976 2202 1163 2267 sententiam
1185 2203 1255 2285 qui-

187 2309 257 2372 dem
279 2308 386 2385 reete.)

285 2411 390 2477 Eiusd.
412 2412 444 2474 in
466 2411 630 2493 Aphobum
652 2413 677 2487 I,
700 2411 757 2476 26:
780 2413 841 2476 >uei
864 2407 946 2481 τούς
968 2405 1140 2495 λαβόντας
1164 2408 1253 2478 α’πε-

188 2518 368 2586 δείαναοαν
397 2517 453 2580 καὶ
478 2509 578 2581 οὐδὲν
600 2511 644 2580 ’σίν
668 2511 781 2581 αὐτῶν
797 2507 1007 2600 παρέλιπον.
1058 2517 1171 2583 Βοῶνι
1195 2521 1253 2584 καὶ

187 2616 339 2688 οὐθένα
362 2615 485 2686 αὐτῶν.
517 2621 626 2705 Neque
641 2623 725 2688 enim
739 2621 779 2686 ad
803 2641 853 2688 res
879 2623 986 2688 referri
1003 2617 1117 2689 αὐτῶν
1137 2626 1192 2707 pot
1226 2625 1251 2690 t.

190 2728 251 2806 (De
273 2727 290 2810 ς
313 2727 353 2790 63
374 2727 465 2791 huius
487 2725 632 2791 orationis
654 2727 772 2792 dietum
795 2749 822 2810 p.
848 2729 934 2811 102.)
986 2737 988 2746 ’
1268 2796 1269 2800 ,

288 2831 392 2897 Eiusd.
415 2833 482 2896 adv.
495 2831 644 2914 Spudiem
656 2831 693 2892 11
718 2833 795 2898 mire
816 2835 848 2898 in
870 2834 1067 2917 apertissima
1087 2836 1255 2917 partitione

187 2938 282 3004 tn'um
303 2938 510 3002 membrorum
533 2936 577 3002 sie
598 2935 758 3003 scribitur:
790 2931 863 3006 ἀλλ’
891 2936 914 3005 οἳ
939 2943 1006 3023 μὲν
1033 2944 1098 3022 ἔχει
1122 2937 1253 3018 προλα-

187 3041 280 3128 βοίν,
309 3043 377 3108 τοῖν
405 3043 439 3108 os
460 3037 502 3107 τιί
525 3045 617 3126 με’ρηΙ
634 3045 825 3126 νομίζεται,
852 3041 894 3111 τα“
925 3046 960 3111 δὲ
991 3040 1078 3109 οὗτοι
1102 3031 1256 3126 φανερῶς

190 3143 252 3216 aie
274 3143 484 3216 α’ποδίδοσιν
504 3167 560 3230 pro
582 3167 634 3223 eo,
664 3151 746 3232 quod
767 3153 946 3236 requiritur:
982 3142 1083 3216 α’λλιί
1113 3146 1160 3212 τα“
1189 3153 1255 3230 μὲν

190 3263 255 3342 ἔχει
278 3249 483 3350 προλαβών.
497 3255 566 3318 τοῖν
591 3253 625 3318 δὲ
647 3282 677 3320 ιι.
701 3283 731 3323 τ.
750 3261 780 3322 λ.
830 3331 836 3338 ,

292 3465 470 3530 Oratoribus
490 3465 604 3529 Attieis
638 3467 770 3552 adiungo
792 3469 1006 3544 Aristotelem,
1035 3465 1255 3530 Demosthenis

190 3571 351 3653 aequalem,
372 3571 503 3654 ingenio,
519 3590 622 3634 rerum
633 3589 755 3654 genere,
770 3574 907 3638 oratione
923 3573 988 3636 eius
1001 3571 1253 3636 dissimillimum.

191 3677 291 3740 Huius
324 3673 411 3740 libris
444 3677 662 3741 communibus·
690 3678 913 3761 philologorurn
935 3677 1057 3742 'studiis
1089 3695 1149 3741 non
1182 3695 1255 3764 sane

193 3781 355 3845 celebratis
377 3795 415 3845 ne
436 3781 502 3864 ipse
533 3781 658 3866 quidem
684 3784 807 3847 tanturn
829 3801 928 3864 operse
951 3785 983 3848 et
1004 3783 1099 3847 studii
1119 3783 1254 3848 tribuere

192 3887 289 3967 potus,
321 3888 469 3970 quantum
489 3888 612 3952 vellem.
657 3888 743 3972 Legi.
761 3889 834 3954 olim
856 3889 894 3952 de
926 3887 1046 3971 poetica
1074 3888 1189 3954 librum
1209 3888 1255 3953 ita

193 3991 229 4054 ut
250 3990 289 4056 ad
316 3993 493 4058 universum
524 3987 757 4077 argumentum
774 3993 1004 4076 sententiasque
1032 3994 1132 4077 magis
1162 4013 1255 4078 quam

194 4095 234 4158 ad
255 4095 390 4178 singeuos
412 4097 497 4164 loeos
519 4100 551 4164 et
571 4097 716 4164 orationis
733 4099 866 4164 formem
889 4098 1027 4164 animum
1048 4100 1256 4175 attenderem
