3014 4666
329 241 389 304 258
597 318 600 325 Ι
765 241 825 295 mo.
845 242 882 295 11.

389 439 506 503 Deinde
529 459 556 501 r.
584 438 660 498 1179
692 443 723 504 et
752 438 852 515 1180,
883 442 913 502 in
946 437 1055 520 quibus
1085 434 1196 498 menda
1223 453 1348 517 arguere

289 564 546 626 supervacaneum
569 548 618 609 est
647 563 745 627 neque
772 544 900 608 aliorum
927 544 1055 607 oonatus
1078 537 1241 606 admodum
1265 539 1348 604 refu-

289 651 403 714 tatione
426 647 527 733 egent
550 651 593 714 sio
614 649 766 714 scribendi
788 651 876 714 sunt:

378 747 520 820 Τοιόνδε
543 769 668 838 μῖσος
692 751 889 820 καταλιπών
912 746 1103 836 πρόσθεν
1126 745 1270 834 δόμοις

372 857 493 940 εἴποις
514 864 675 947 βραχείας
697 854 896 946 προφάσεως
921 859 1033 924 ἐνδεῖ
1056 849 1178 940 μόνον,

374 961 425 1052 ἐφ’
448 969 469 1055 ᾖ
492 961 520 1032 o'
543 964 605 1054 ἐμοὶ
630 970 685 1034 καὶ
708 969 827 1040 παῖδες
850 973 884 1032 αἱ
907 968 1122 1048 λελειμμέναι

374 1067 543 1156 δεξόμεθα
566 1075 665 1152 δέξιν,
688 1075 731 1159 ην
754 1101 790 1139 οε
813 1075 974 1150 δέξασθαι
997 1062 1110 1156 χρεών.

290 1177 324 1238 in
352 1177 400 1242 his
434 1179 520 1244 ἐνδεῖ
543 1181 668 1246 Reiskio
698 1181 833 1246 debetur.
881 1179 1023 1244 Codices:
1059 1168 1187 1241 τοιόνδε
1216 1168 1350 1258 μιοθόν

291 1281 486 1350 καταλιπών
505 1285 592 1370 πρδς
614 1281 694 1359 ionic
716 1283 843 1368 δόμους
863 1295 867 1362 t
887 1286 961 1358 ἐπεὶ
975 1284 1136 1369 βραχείας
1151 1274 1350 1364 προφάσεως

291 1393 356 1454 ἔδει
386 1385 505 1474 μόνον.
558 1393 727 1476 Aptissime
755 1393 991 1476 clytemnestra
1022 1391 1141 1462 monet,
1176 1405 1215 1452 ne
1244 1387 1351 1452 relicto

291 1495 373 1562 domi
402 1497 473 1562 odio
496 1497 604 1575 abeat,
637 1500 715 1581 qnod
747 1498 838 1562 facile
858 1498 924 1562 fieri
953 1495 1067 1579 possit,
1100 1495 1136 1558 ut
1156 1493 1301 1558 acerbum
1322 1491 1351 1556 ei

202 1649 206 1658 .
290 1603 423 1667 reditum
445 1606 540 1686 paret.
585 1604 710 1669 Certum
724 1607 771 1670 est
789 1604 870 1670 ἄπει
887 1607 919 1671 ot
936 1600 1160 1668 sententiarum
1179 1597 1349 1670 distinctim

291 1709 346 1774 sed
370 1710 463 1773 etism
484 1723 586 1794 μῑοος
609 1729 716 1775 vorum
737 1712 820 1792 puto.
910 1791 913 1800 Δ

390 1815 426 1878 V.
451 1817 538 1877 1248.
582 1816 651 1882 Non
672 1819 755 1881 reote
777 1817 951 1898 separatam
972 1813 1045 1896 poni
1067 1811 1104 1875 de
1126 1810 1216 1874 atate
1238 1807 1350 1872 libero-

290 1940 359 1984 rum
404 1922 587 1986 sententiam
626 1928 744 2001 (ἐστίν)
786 1922 940 1988 Nauokios
958 1965 964 1970 -
981 1919 1087 1984 sensit.
1151 1913 1349 1980 Soribendum

292 2027 430 2090 videtur:

424 2125 442 2196 ὁ
465 2137 531 2214 μὲν
557 2129 694 2206 νεοοοός
717 2142 874 2210 ἔτεσιν,
897 2127 918 2218 ἡ
941 2126 969 2196 δ’
992 2123 1173 2214 ηὐξημένη.

389 2237 426 2300 V.
452 2239 546 2302 1258:

374 2345 499 2416 Δεινὼς
523 2346 551 2410 δ’
574 2354 638 2429 ε”χει
659 2371 720 2429 μοι
742 2345 850 2410 ταῦτα
873 2345 1054 2429 τολμῆσαι,
1077 2332 1191 2427 γύναι,

374 2451 492 2522 δεινοῖς
514 2453 547 2516 δὲ
571 2454 624 2516 καὶ
648 2447 713 2536 μή·
738 2454 838 2516 τοῦτο
861 2445 926 2539 μδρ
949 2447 1073 2534 πρᾶξαί
1094 2473 1138 2530 με
1163 2444 1223 2509 δεῖ.

292 2553 350 2632 Qui
373 2556 404 2619 ot
431 2556 532 2622 faeere
560 2559 592 2622 et
622 2577 682 2623 non
710 2558 815 2622 faeere*
842 2558 956 2640 aliquid
988 2555 1126 2630 veretur,
1159 2571 1217 2615 non
1249 2549 1351 2632 potest

292 2677 413 2724 oausam
437 2663 562 2727 verendi
586 2665 703 2740 afferre„
724 2664 783 2728 hoo
800 2663 946 2728 sefacere
962 2662 1072 2726 debere
1094 2659 1239 2742 (pondere
1256 2657 1348 2722 etiam

290 2767 449 2830 sententiae
479 2770 511 2833 in
538 2770 640 2834 τοῦτο
668 2770 882 2858 inonmbente,
922 2768 1001 2851 quod
1033 2767 1111 2831 mire
1140 2769 1211 2848 post
1243 2766 1348 2828 roera

292 2870 470 2947 subiicitur)¹
506 2875 610 2939 Unum
627 2875 729 2940 dioere
750 2876 862 2958 potest,
884 2875 940 2938 hoo
962 2874 1027 2957 ipso
1050 2891 1081 2937 se
1102 2872 1246 2954 torqueri,
1270 2869 1351 2953 quod

290 2973 321 3036 in
345 2967 472 3060 utraque
494 2998 527 3043 re
549 2999 633 3064 aeque
654 2981 785 3046 terribili
807 2980 892 3044 nullo
913 2980 1001 3045 detur
1022 2979 1118 3060 optio:

612 3087 713 3151 τοῦτο
735 3084 800 3174 γοῖρ
823 3069 984 3171 θρᾰξδν
1004 3075 1042 3168 μ’
1065 3084 1204 3183 ἔχει’).

291 3185 569 3264 Ortummendum
592 3210 627 3256 ex
649 3193 761 3256 rariore
783 3193 869 3257 verbi
891 3195 923 3260 et
944 3191 1090 3258 orationis
1111 3191 1217 3260 forma.
1250 3188 1349 3270 (Synt.

291 3291 344 3356 Gr.
367 3293 386 3376 ξ,
410 3295 492 3372 179.)

389 3401 455 3464 Ibd.
482 3402 577 3462 1344:

332 3497 437 3570 'Atio
460 3500 574 3589 μίμν’
598 3502 638 3571 οὐ
661 3504 868 3592 σεμνότητος
890 3517 1000 3594 ἔργον,
1022 3505 1067 3594 ἢν
1089 3502 1285 3610 δυνώμεθα.
1315 3533 1318 3544 ·

291 3609 390 3674 Verba
420 3605 464 3696 ἤν
494 3607 679 3696 δυνώμεθα
709 3615 826 3678 nullam
855 3614 965 3680 habere
996 3616 1182 3682 sententiam
1211 3611 1249 3676 ab
1271 3611 1352 3676 Her-

290 3735 400 3778 manno
423 3718 613 3782 intelleotum
636 3723 692 3784 est.
737 3719 956 3786 Scribendum:

766 3849 770 3856 ·
872 3822 916 3910 ἢν
940 3822 1158 3912 θοώμεθα.

300 4067 303 4074 ’
325 4049 348 4111 ¹)
370 4052 438 4104 Ano.
459 4050 553 4119 philol.
573 4050 665 4104 Danio.
684 4049 708 4103 V
727 4065 753 4118 p.
773 4053 808 4105 15
825 4052 853 4104 et
873 4051 932 4106 157.
963 4075 968 4086 ¹
