2942 4676
641 285 700 342 Lib.
720 284 753 340 V.
1120 285 1178 346 721

161 529 201 553 ..
227 531 234 548 .
256 481 365 551 ὅτων
388 532 396 550 .
420 533 427 550 .
451 533 459 549 .
482 477 607 550 κύκλον
639 491 745 563 ποιοῖ)
785 488 817 551 01
848 483 906 560 ΙΧ,
936 485 986 562 56,
1014 488 1069 548 57:
1106 488 1160 552 καὶ
1194 491 1225 552 εἰ

159 586 341 678 χρημάτων
361 593 427 676 μὲν
448 588 558 667 ἅπαξ
580 584 766 676 α’λλοτρίων
794 585 886 677 μηδ’
915 597 1097 675 ἐπιθυμοῖ,
1125 588 1222 677 ὑβρι-

161 695 243 782 στής
265 697 299 762 cr
321 690 468 782 icdppm
491 704 531 776 (v.
559 691 740 784 χρημάτων
760 702 826 782 μὲν
847 693 959 778 ἅρπαξ
981 690 1166 780 α’λλονρίων
1189 699 1222 765 δὲ

160 809 344 886 ἐπιθυμοῖ)
367 805 408 882 et,
430 806 466 870 ut
488 805 588 870 multu
607 803 791 880 transiliam,
814 803 845 868 iu
866 805 1009 887 praecloro
1022 804 1225 886 Theophrasti

161 909 336 994 fragmento
357 910 468 988 XLIV,
492 913 530 972 22
553 909 687 994 primum
708 927 738 992 p.
762 908 822 972 166
843 908 938 974 Mein.
960 930 990 975 v.
1013 910 1068 973 22:
1090 904 1112 994 ἢ
1135 918 1226 996 ἔχον-

158 1039 215 1087 τες
236 1009 286 1100 μή
309 1017 424 1099 λέγωσι
448 1017 498 1082 νο]
527 1017 747 1100 ἐωνημένῳ
770 1015 890 1091 (Μῶν
912 1008 1133 1100 ἐωνημένων),
1155 1007 1242 1084 tum¹

41 1126 47 1132 “
158 1140 188 1204 p.
211 1121 319 1186 eudem
344 1141 371 1186 v.
394 1121 452 1184 30:
487 1123 560 1186 ἐπεὶ
589 1122 623 1188 δὲ
651 1122 706 1186 καὶ
738 1123 977 1206 προστασίᾳ
1007 1121 1095 1200 (diois
1118 1127 1223 1202 cauea)

158 1231 246 1300 τινὲς
278 1220 446 1293 ω’νοῦντοι
479 1228 532 1294 ναὶ
562 1226 799 1306 0010110011.
822 1228 1024 1314 προστασίαι
1047 1230 1148 1301 τινὲς)
1194 1248 1224 1312 p.

160 1333 266 1398 autem
289 1333 347 1395 167
371 1353 400 1398 v.
423 1334 443 1394 3
465 1332 668 1416 supplendum
702 1325 804 1416 ω’νήν,
841 1325 1079 1417 conductam,
1114 1333 1223 1400 deinde

157 1458 187 1504 v.
211 1440 250 1500 14
271 1437 484 1504 scribendum:
519 1431 624 1504 α’λλοί
655 1441 710 1506 καὶ
740 1444 777 1502 ἐν
805 1439 850 1524 τῷ
880 1435 966 1524 ὅρκῳ
989 1441 1223 1523 προσοραίζειν

157 1562 212 1627 pro
236 1538 310 1628 ἅμα
333 1546 399 1622 καὶ,
421 1545 489 1608 tum
510 1564 539 1626 p.
557 1544 615 1608 168
636 1558 667 1610 v.
691 1546 710 1608 6
732 1544 904 1610 tollendum
926 1540 1073 1628 πότερον
1095 1547 1142 1622 (01
1162 1543 1222 1610 sit:

156 1645 195 1714 co*
220 1649 254 1715 cs
282 1651 457 1734 ἐπιτίμιον
484 1651 645 1735 ἑκατέρῳ,
681 1653 726 1735 σῷ
758 1656 823 1734 μὲν
849 1654 1030 1735 στέρησις.
1056 1696 1063 1716 .
1087 1697 1096 1715 .
1119 1650 1163 1735 τῷ
1187 1652 1221 1716 δὲ

155 1748 207 1840 μή
231 1755 398 1842 δεχομένῳ
422 1763 545 1828 terrore
568 1779 596 1822 ιι.
619 1781 647 1820 ο.
671 1757 723 1835 t).
767 1757 886 1822 101100
909 1757 976 1822 1000
999 1756 1105 1834 (XCV,
1128 1759 1167 1818 21
1190 1775 1221 1838 p.

155 1862 229 1941 201)
262 1881 324 1928 nou
355 1864 440 1927 recte
473 1881 492 1926 a
520 1860 673 1926 Meinekio
707 1863 827 1926 tentata
858 1865 906 1928 est
938 1862 1070 1926 nominis
1103 1863 1218 1944 proprii

154 1967 320 2044 restitutio,
342 1970 378 2034 ut
396 1986 451 2050 pro
475 1961 493 2031 o‘
515 1963 611 2040 ἄοιος
632 1967 786 2032 scribatur
807 1960 989 2040 ό”Αοσιος
1010 1968 1164 2052 significet
1203 2001 1219 2016 -

154 2090 212 2154 quo
234 2071 414 2149 Cleanthem
450 2091 523 2136 nem
544 2073 580 2136 ot
600 2075 733 2150 taceam,
766 2091 920 2156 nusquam
942 2073 987 2138 sic
1008 2075 1040 2138 in
1062 2073 1211 2138 Cleanthe

154 2176 341 2242 celebratam
362 2177 630 2243 commemorando
645 2177 777 2260 patriam
792 2197 870 2256 esse,
891 2180 928 2244 01
948 2179 1130 2262 simpliciter
1152 2179 1217 2244 eins

156 2283 279 2348 nomine
313 2283 363 2348 hic
389 2284 554 2368 significari
574 2283 689 2365 posset,
712 2301 803 2348 namo
824 2303 902 2350 unus
925 2285 988 2350 sive
1011 2285 1132 2350 Stoicus
1154 2284 1219 2350 sire

156 2389 234 2453 alius
255 2388 457 2471 philosophus
478 2389 510 2454 in
533 2389 591 2454 huc
610 2387 747 2472 generali
772 2390 943 2470 (presentis
965 2391 1126 2473 temporis)
1147 2409 1220 2456 seu-

154 2489 254 2560 tentia
275 2495 424 2579 appellari
449 2495 588 2578 poterat,
617 2492 672 2558 aed
698 2494 789 2558 homo
813 2513 927 2578 pauper
950 2495 1091 2560 universe
1113 2496 1219 2578 appel·

153 2599 362 2666 nudauerat.
396 2599 616 2666 Scribonium:
639 2591 740 2666 Ἐπεὶ
765 2601 818 2665 καὶ
842 2593 1095 2666 cavanniaco
1118 2624 1221 2683 φρον-

154 2704 257 2770 τίδων
277 2720 339 2790 μοι·
361 2705 452 2770 δοκεῖ
475 2698 493 2769 o‘
516 2700 643 2789 ἄβιος
666 2708 848 2791 λελυμένος
864 2706 955 2772 πολι)
976 2701 1221 2792 ειῗοχολωσαρος

154 2810 309 2898 εἶναιτῷ
331 2811 441 2896 μηδὲν
463 2803 554 2896 oc’ap'r
577 2805 752 2898 ὑπάρχειν.
804 2812 981 2880 Contrarias
1003 2813 1110 2879 statim
1131 2812 1219 2894 poni-

153 2919 205 2982 tur
226 2911 246 2983 ὁ
269 2909 444 2990 πλούσιος.
497 2919 658 2984 Postremo
687 2917 824 3000 lepidum
849 2920 1022 3001 exemplum
1043 2919 1219 2984 litterarum

153 3023 236 3088 male
258 3025 468 3106 reparatarum
491 3027 522 3089 et
551 3024 782 3088 coniunctorum
810 3023 885 3105 (vid.
908 3043 1001 3106 supra
1021 3045 1049 3106 p.
1073 3025 1113 3086 26
1136 3029 1219 3108 sqq.)

152 3127 266 3192 addam
290 3147 307 3192 e
329 3130 502 3212 fragmento
524 3128 692 3206 Hieroclis,
721 3127 802 3211 quod
824 3128 994 3208 LXXXIV,
1021 3129 1062 3191 23
1089 3129 1218 3213 legiturr

151 3251 224 3297 nam
246 3232 299 3310 ibi,
334 3251 373 3297 ne
405 3235 480 3299 alios
512 3235 645 3298 lectores
677 3251 849 3311 numerem,
889 3235 942 3316 qui
969 3235 1059 3316 pauci
1087 3234 1219 3310 fuerunt,

156 3335 289 3404 editores
311 3339 377 3404 haec
397 3340 551 3404 tulerunt:
581 3334 666 3404 ὥστε
689 3340 819 3424 εἴρηται
845 3335 900 3404 δια
926 3336 1107 3422 συντόμων
1130 3334 1219 3405 ὑπο-

151 3438 267 3528 θήκης
289 3437 346 3526 ἀφ’
370 3433 410 3529 ἧς
433 3447 507 3517 πως
530 3438 592 3530 χρή
621 3449 876 3528 προσφέρεσθαι
906 3452 1115 3532 συγγενέσιν,
1152 3465 1218 3528 quae

150 3567 252 3632 nequo
286 3552 471 3616 structuram
508 3567 607 3632 nequa
636 3550 823 3616 senteutiam
848 3550 976 3626 habent3
1013 3570 1050 3616 ca
1075 3553 1218 3616 nascetur

150 3653 213 3720 sic:
238 3651 322 3720 ὥστε
349 3648 759 3740 εἴρηναι...ὑποθηίιη
783 3652 935 3741 σαφής,
959 3657 1032 3729 πως
1053 3652 1115 3741 χρή
1138 3683 1173 3724 π.
1188 3684 1217 3724 σ.

254 3760 480 3828 Constitueram
504 3762 639 3826 extremo
663 3762 730 3828 loco
757 3763 1026 3828 miscellaneorum
1049 3767 1217 3846 0000101-

152 3865 240 3938 dere,
276 3867 308 3931 iu
344 3866 425 3950 quod
459 3865 642 3930 couiicerem
666 3868 831 3933 materiam
860 3869 900 3933 ad
927 3869 1028 3935 varios
1056 3870 1218 3952 scriptores

149 3957 367 4054 pertinentem,
388 3972 564 4036 universam
580 3989 640 4038 non
655 3972 700 4038 ita
713 3991 852 4055 parvam,
874 3975 905 4040 io
923 3975 1052 4059 singulis
1068 3977 1218 4060 exiguam,

198 4098 310 4134 MADVlGll
322 4099 400 4133 san-r.
413 4099 462 4132 cm.
738 4099 741 4106 ’
985 4111 1018 4156 4ss
