<?xml version="1.0" encoding="UTF-8"?>
<!DOCTYPE html PUBLIC "-//W3C//DTD XHTML 1.0 Transitional//EN"
    "http://www.w3.org/TR/xhtml1/DTD/xhtml1-transitional.dtd">
<html xmlns="http://www.w3.org/1999/xhtml" xml:lang="en" lang="en">
 <head>
  <title>
</title>
<meta http-equiv="Content-Type" content="text/html;charset=utf-8" />
  <meta name='ocr-system' content='tesseract 3.04.00' />
  <meta name='ocr-capabilities' content='ocr_page ocr_carea ocr_par ocr_line ocrx_word'/>
</head>
<body>
  <div class='ocr_page' id='page_1' title='image "./adversariacriti02madvgoog_0079.png"; bbox 0 0 2944 4660; ppageno 0'>
   <div class='ocr_carea' id='block_1_1' title="bbox 306 213 987 316">
    <p class='ocr_par' dir='ltr' id='par_1_1' title="bbox 306 213 987 316">
     <span class='ocr_line' id='line_1_1' title="bbox 306 213 987 316; baseline -0.001 -11"><span class='ocrx_word' id='word_1_1' title='bbox 306 213 346 316; x_wconf 64' lang='lat'><strong>{34</strong></span> <span class='ocrx_word' id='word_1_2' title='bbox 745 251 806 312; x_wconf 76' lang='lat' dir='ltr'><strong>nra,</strong></span> <span class='ocrx_word' id='word_1_3' title='bbox 824 252 848 306; x_wconf 87' lang='lat'><strong>1.</strong></span> <span class='ocrx_word' id='word_1_4' title='bbox 984 270 987 282; x_wconf 92' lang='lat'>·</span> 
     </span>
    </p>
   </div>
   <div class='ocr_carea' id='block_1_2' title="bbox 263 445 1328 846">
    <p class='ocr_par' dir='ltr' id='par_1_2' title="bbox 263 445 1328 846">
     <span class='ocr_line' id='line_1_2' title="bbox 263 445 1328 533; baseline -0.003 -18"><span class='ocrx_word' id='word_1_5' title='bbox 263 449 388 533; x_wconf 82' lang='lat' dir='ltr'><strong>peilatio</strong></span> <span class='ocrx_word' id='word_1_6' title='bbox 400 449 546 514; x_wconf 79' lang='lat' dir='ltr'><strong>mismtur</strong></span> <span class='ocrx_word' id='word_1_7' title='bbox 562 450 593 512; x_wconf 83' lang='lat' dir='ltr'><strong>et</strong></span> <span class='ocrx_word' id='word_1_8' title='bbox 606 445 791 530; x_wconf 85' lang='lat' dir='ltr'><strong>mysteria</strong></span> <span class='ocrx_word' id='word_1_9' title='bbox 809 463 917 512; x_wconf 86' lang='lat' dir='ltr'><strong>saera</strong></span> <span class='ocrx_word' id='word_1_10' title='bbox 928 445 1004 512; x_wconf 86' lang='lat' dir='ltr'><strong>satis</strong></span> <span class='ocrx_word' id='word_1_11' title='bbox 1016 447 1206 514; x_wconf 72' lang='lat' dir='ltr'><strong>abundanter</strong></span> <span class='ocrx_word' id='word_1_12' title='bbox 1218 447 1328 517; x_wconf 72' lang='lat' dir='ltr'><strong>diuum</strong></span> 
     </span>
     <span class='ocr_line' id='line_1_3' title="bbox 263 550 1328 637; baseline -0.001 -18"><span class='ocrx_word' id='word_1_13' title='bbox 263 550 1328 637; x_wconf 77' lang='lat' dir='ltr'><strong>tnr3itaquereeteeompluresiemiduooehulumdamnarrmt,modo</strong></span> 
     </span>
     <span class='ocr_line' id='line_1_4' title="bbox 264 645 1327 744; baseline -0.003 -19"><span class='ocrx_word' id='word_1_14' title='bbox 264 659 475 726; x_wconf 78' lang='lat' dir='ltr'><strong>nedereris</strong></span> <span class='ocrx_word' id='word_1_15' title='bbox 495 677 605 742; x_wconf 80' lang='lat' dir='ltr'><strong>nomen</strong></span> <span class='ocrx_word' id='word_1_16' title='bbox 627 657 821 724; x_wconf 76' lang='lat' dir='ltr'><strong>dannatione</strong></span> <span class='ocrx_word' id='word_1_17' title='bbox 842 657 1156 744; x_wconf 80' lang='lat' dir='ltr'><strong>eompreheudissentr</strong></span> <span class='ocrx_word' id='word_1_18' title='bbox 1181 645 1327 735; x_wconf 83' lang='lat' dir='ltr'>XXVIII,</span> 
     </span>
     <span class='ocr_line' id='line_1_5' title="bbox 264 747 1328 846; baseline -0.005 -18"><span class='ocrx_word' id='word_1_19' title='bbox 264 765 294 843; x_wconf 86' lang='lat'><strong>3,</strong></span> <span class='ocrx_word' id='word_1_20' title='bbox 312 747 788 830; x_wconf 78' lang='lat' dir='ltr'><strong>rr&#39;neminemanimaovertisse</strong></span> <span class='ocrx_word' id='word_1_21' title='bbox 811 762 900 828; x_wconf 89' lang='lat' dir='ltr'><strong>video</strong></span> <span class='ocrx_word' id='word_1_22' title='bbox 922 762 960 826; x_wconf 89' lang='lat' dir='ltr'><strong>in</strong></span> <span class='ocrx_word' id='word_1_23' title='bbox 981 763 1116 846; x_wconf 86' lang='lat' dir='ltr'><strong>vulgus</strong></span> <span class='ocrx_word' id='word_1_24' title='bbox 1138 760 1328 842; x_wconf 68' lang='lat' dir='ltr'>adscriptam</span> 
     </span>
    </p>
   </div>
   <div class='ocr_carea' id='block_1_3' title="bbox 263 866 1464 1054">
    <p class='ocr_par' dir='ltr' id='par_1_3' title="bbox 263 866 1464 1054">
     <span class='ocr_line' id='line_1_6' title="bbox 265 866 1464 954; baseline -0.004 -20"><span class='ocrx_word' id='word_1_25' title='bbox 265 869 305 934; x_wconf 89' lang='lat' dir='ltr'><strong>ad</strong></span> <span class='ocrx_word' id='word_1_26' title='bbox 327 867 661 954; x_wconf 61' lang='lat' dir='ltr'><strong>ambarumque</strong></span> <span class='ocrx_word' id='word_1_27' title='bbox 682 867 841 950; x_wconf 79' lang='lat' dir='ltr'><strong>praeeedit,</strong></span> <span class='ocrx_word' id='word_1_28' title='bbox 862 868 899 932; x_wconf 92' lang='lat' dir='ltr'><strong>in</strong></span> <span class='ocrx_word' id='word_1_29' title='bbox 921 869 1130 949; x_wconf 78' lang='lat' dir='ltr'><strong>publicum,</strong></span> <span class='ocrx_word' id='word_1_30' title='bbox 1151 867 1216 930; x_wconf 89' lang='lat' dir='ltr'><strong>Iooo</strong></span> <span class='ocrx_word' id='word_1_31' title='bbox 1237 866 1329 947; x_wconf 87' lang='lat' dir='ltr'><strong>paulo</strong></span> <span class='ocrx_word' id='word_1_32' title='bbox 1399 875 1402 886; x_wconf 90' lang='lat'>&#39;</span> <span class='ocrx_word' id='word_1_33' title='bbox 1461 875 1464 886; x_wconf 70' lang='grc'><em>“</em></span> 
     </span>
     <span class='ocr_line' id='line_1_7' title="bbox 263 972 1464 1054; baseline -0.004 -15"><span class='ocrx_word' id='word_1_34' title='bbox 263 975 405 1040; x_wconf 82' lang='lat' dir='ltr'><strong>inferiore</strong></span> <span class='ocrx_word' id='word_1_35' title='bbox 425 975 649 1044; x_wconf 85' lang='lat' dir='ltr'><strong>inorationem</strong></span> <span class='ocrx_word' id='word_1_36' title='bbox 670 974 826 1052; x_wconf 77' lang='lat' dir='ltr'><strong>receptum</strong></span> <span class='ocrx_word' id='word_1_37' title='bbox 848 985 930 1048; x_wconf 68' lang='lat' dir='ltr'><strong>essm</strong></span> <span class='ocrx_word' id='word_1_38' title='bbox 963 972 1066 1054; x_wconf 85' lang='lat' dir='ltr'><strong>itaque</strong></span> <span class='ocrx_word' id='word_1_39' title='bbox 1086 973 1147 1038; x_wconf 83' lang='lat' dir='ltr'><strong>alia</strong></span> <span class='ocrx_word' id='word_1_40' title='bbox 1159 972 1327 1042; x_wconf 77' lang='lat' dir='ltr'><strong>tentantur.</strong></span> <span class='ocrx_word' id='word_1_41' title='bbox 1457 979 1464 1012; x_wconf 77' lang='lat'>¹</span> 
     </span>
    </p>
   </div>
   <div class='ocr_carea' id='block_1_4' title="bbox 265 1075 1385 2000">
    <p class='ocr_par' dir='ltr' id='par_1_4' title="bbox 265 1075 1385 2000">
     <span class='ocr_line' id='line_1_8' title="bbox 265 1075 1385 1163; baseline -0.002 -19"><span class='ocrx_word' id='word_1_42' title='bbox 265 1083 302 1144; x_wconf 91' lang='lat' dir='ltr'><strong>In</strong></span> <span class='ocrx_word' id='word_1_43' title='bbox 325 1081 486 1163; x_wconf 80' lang='lat' dir='ltr'><strong>poetamm</strong></span> <span class='ocrx_word' id='word_1_44' title='bbox 509 1086 614 1146; x_wconf 85' lang='lat' dir='ltr'><strong>versus</strong></span> <span class='ocrx_word' id='word_1_45' title='bbox 636 1081 701 1145; x_wconf 89' lang='lat' dir='ltr'><strong>noti</strong></span> <span class='ocrx_word' id='word_1_46' title='bbox 722 1079 754 1142; x_wconf 89' lang='lat' dir='ltr'><strong>et</strong></span> <span class='ocrx_word' id='word_1_47' title='bbox 774 1079 851 1143; x_wconf 88' lang='lat' dir='ltr'><strong>oerti</strong></span> <span class='ocrx_word' id='word_1_48' title='bbox 878 1079 999 1162; x_wconf 85' lang='lat' dir='ltr'><strong>generis</strong></span> <span class='ocrx_word' id='word_1_49' title='bbox 1022 1098 1087 1144; x_wconf 34' lang='lat' dir='ltr'><strong>*non</strong></span> <span class='ocrx_word' id='word_1_50' title='bbox 1115 1076 1204 1144; x_wconf 85' lang='lat' dir='ltr'><strong>faoile</strong></span> <span class='ocrx_word' id='word_1_51' title='bbox 1225 1075 1328 1154; x_wconf 81' lang='lat' dir='ltr'><strong>editus</strong></span> <span class='ocrx_word' id='word_1_52' title='bbox 1384 1149 1385 1156; x_wconf 7' lang='grc' dir='ltr'>χ</span> 
     </span>
     <span class='ocr_line' id='line_1_9' title="bbox 266 1183 1329 1263; baseline -0.005 -13"><span class='ocrx_word' id='word_1_53' title='bbox 266 1187 332 1250; x_wconf 89' lang='lat' dir='ltr'><strong>erat</strong></span> <span class='ocrx_word' id='word_1_54' title='bbox 360 1184 511 1250; x_wconf 88' lang='lat' dir='ltr'><strong>eiusmodi</strong></span> <span class='ocrx_word' id='word_1_55' title='bbox 542 1184 759 1250; x_wconf 80' lang='lat' dir='ltr'><strong>additamentis</strong></span> <span class='ocrx_word' id='word_1_56' title='bbox 790 1185 862 1263; x_wconf 89' lang='lat' dir='ltr'><strong>(nisi</strong></span> <span class='ocrx_word' id='word_1_57' title='bbox 889 1183 1003 1248; x_wconf 87' lang='lat' dir='ltr'><strong>maiore</strong></span> <span class='ocrx_word' id='word_1_58' title='bbox 1035 1183 1198 1252; x_wconf 82' lang='lat' dir='ltr'><strong>secedente</strong></span> <span class='ocrx_word' id='word_1_59' title='bbox 1224 1183 1329 1246; x_wconf 87' lang='lat' dir='ltr'><strong>muta-</strong></span> 
     </span>
     <span class='ocr_line' id='line_1_10' title="bbox 265 1283 1329 1371; baseline -0.005 -14"><span class='ocrx_word' id='word_1_60' title='bbox 265 1283 382 1370; x_wconf 55' lang='lat' dir='ltr'><strong>tionem,</strong></span> <span class='ocrx_word' id='word_1_61' title='bbox 405 1291 438 1354; x_wconf 92' lang='lat' dir='ltr'><strong>in</strong></span> <span class='ocrx_word' id='word_1_62' title='bbox 469 1289 633 1371; x_wconf 82' lang='lat' dir='ltr'><strong>anapaestis</strong></span> <span class='ocrx_word' id='word_1_63' title='bbox 661 1290 765 1354; x_wconf 90' lang='lat' dir='ltr'><strong>tamen</strong></span> <span class='ocrx_word' id='word_1_64' title='bbox 793 1309 828 1354; x_wconf 85' lang='lat' dir='ltr'><strong>ex</strong></span> <span class='ocrx_word' id='word_1_65' title='bbox 848 1288 1002 1370; x_wconf 79' lang='lat' dir='ltr'><strong>EuripidIs</strong></span> <span class='ocrx_word' id='word_1_66' title='bbox 1026 1287 1221 1354; x_wconf 76' lang='lat' dir='ltr'><strong>Cretensibus</strong></span> <span class='ocrx_word' id='word_1_67' title='bbox 1246 1288 1329 1368; x_wconf 84' lang='lat' dir='ltr'><strong>apud</strong></span> 
     </span>
     <span class='ocr_line' id='line_1_11' title="bbox 266 1393 1329 1480; baseline -0.003 -19"><span class='ocrx_word' id='word_1_68' title='bbox 266 1397 468 1480; x_wconf 80' lang='lat' dir='ltr'><strong>Porphyrium</strong></span> <span class='ocrx_word' id='word_1_69' title='bbox 496 1394 623 1460; x_wconf 77' lang='lat' dir='ltr'><strong>somatis</strong></span> <span class='ocrx_word' id='word_1_70' title='bbox 656 1393 705 1468; x_wconf 81' lang='lat' dir='ltr'><strong>(fr.</strong></span> <span class='ocrx_word' id='word_1_71' title='bbox 734 1393 837 1458; x_wconf 74' lang='lat' dir='ltr'><strong>tib-a</strong></span> <span class='ocrx_word' id='word_1_72' title='bbox 867 1394 974 1472; x_wconf 88' lang='lat' dir='ltr'><strong>Diud.)</strong></span> <span class='ocrx_word' id='word_1_73' title='bbox 1002 1394 1042 1458; x_wconf 81' lang='lat' dir='ltr'><strong>sd</strong></span> <span class='ocrx_word' id='word_1_74' title='bbox 1071 1395 1329 1478; x_wconf 74' lang='lat' dir='ltr'><strong>porerxoyrnorir</strong></span> 
     </span>
     <span class='ocr_line' id='line_1_12' title="bbox 266 1499 1329 1584; baseline -0.003 -17"><span class='ocrx_word' id='word_1_75' title='bbox 266 1506 385 1567; x_wconf 74' lang='grc' dir='ltr'>τέκνον</span> <span class='ocrx_word' id='word_1_76' title='bbox 407 1501 594 1581; x_wconf 85' lang='lat' dir='ltr'><strong>adseriptum</strong></span> <span class='ocrx_word' id='word_1_77' title='bbox 617 1511 682 1564; x_wconf 86' lang='grc' dir='ltr'><strong><em>παι·</em></strong></span> <span class='ocrx_word' id='word_1_78' title='bbox 709 1501 769 1583; x_wconf 75' lang='grc' dir='ltr'><strong>τῆς</strong></span> <span class='ocrx_word' id='word_1_79' title='bbox 797 1499 924 1584; x_wconf 78' lang='grc' dir='ltr'><em>Τυρίας</em></span> <span class='ocrx_word' id='word_1_80' title='bbox 945 1499 1082 1564; x_wconf 84' lang='lat' dir='ltr'><strong>versibus</strong></span> <span class='ocrx_word' id='word_1_81' title='bbox 1104 1499 1329 1568; x_wconf 86' lang='lat' dir='ltr'><strong>aooommodam&#39;</strong></span> 
     </span>
     <span class='ocr_line' id='line_1_13' title="bbox 266 1596 1328 1688; baseline -0.002 -16"><span class='ocrx_word' id='word_1_82' title='bbox 266 1606 377 1688; x_wconf 86' lang='lat' dir='ltr'><strong>potuit.</strong></span> <span class='ocrx_word' id='word_1_83' title='bbox 410 1596 495 1670; x_wconf 62' lang='lat' dir='ltr'><strong>&#39;Sed</strong></span> <span class='ocrx_word' id='word_1_84' title='bbox 521 1623 695 1686; x_wconf 88' lang='lat' dir='ltr'><strong>quanquam</strong></span> <span class='ocrx_word' id='word_1_85' title='bbox 720 1605 846 1670; x_wconf 81' lang='lat' dir='ltr'><strong>minime</strong></span> <span class='ocrx_word' id='word_1_86' title='bbox 873 1623 959 1670; x_wconf 89' lang='lat' dir='ltr'><strong>rarus</strong></span> <span class='ocrx_word' id='word_1_87' title='bbox 993 1605 1043 1668; x_wconf 84' lang='lat' dir='ltr'><strong>hie</strong></span> <span class='ocrx_word' id='word_1_88' title='bbox 1069 1605 1118 1681; x_wconf 86' lang='lat' dir='ltr'><strong>est</strong></span> <span class='ocrx_word' id='word_1_89' title='bbox 1142 1605 1328 1686; x_wconf 85' lang='lat' dir='ltr'><strong>interpreta-</strong></span> 
     </span>
     <span class='ocr_line' id='line_1_14' title="bbox 266 1688 1328 1792; baseline -0.004 -14"><span class='ocrx_word' id='word_1_90' title='bbox 266 1701 439 1778; x_wconf 84' lang='lat' dir='ltr'><strong>mentorum</strong></span> <span class='ocrx_word' id='word_1_91' title='bbox 461 1688 689 1776; x_wconf 74' lang='lat' dir='ltr'><strong>inserendorum</strong></span> <span class='ocrx_word' id='word_1_92' title='bbox 711 1729 808 1787; x_wconf 81' lang='lat' dir='ltr'><strong>error,</strong></span> <span class='ocrx_word' id='word_1_93' title='bbox 838 1711 943 1776; x_wconf 62' lang='lat' dir='ltr'><strong>amen</strong></span> <span class='ocrx_word' id='word_1_94' title='bbox 969 1728 1078 1792; x_wconf 86' lang='lat' dir='ltr'><strong>pamm</strong></span> <span class='ocrx_word' id='word_1_95' title='bbox 1107 1711 1197 1786; x_wconf 81' lang='lat' dir='ltr'><strong>caute</strong></span> <span class='ocrx_word' id='word_1_96' title='bbox 1217 1713 1249 1772; x_wconf 90' lang='lat' dir='ltr'><strong>in</strong></span> <span class='ocrx_word' id='word_1_97' title='bbox 1270 1709 1328 1776; x_wconf 87' lang='lat' dir='ltr'><strong>hoo</strong></span> 
     </span>
     <span class='ocr_line' id='line_1_15' title="bbox 266 1814 1329 1902; baseline -0.004 -20"><span class='ocrx_word' id='word_1_98' title='bbox 266 1837 379 1902; x_wconf 86' lang='lat' dir='ltr'><strong>genere</strong></span> <span class='ocrx_word' id='word_1_99' title='bbox 399 1815 829 1898; x_wconf 73' lang='lat' dir='ltr'><strong>probabilitatem,aestimaut</strong></span> <span class='ocrx_word' id='word_1_100' title='bbox 856 1817 888 1880; x_wconf 88' lang='lat' dir='ltr'><strong>et</strong></span> <span class='ocrx_word' id='word_1_101' title='bbox 906 1815 944 1893; x_wconf 83' lang='lat' dir='ltr'><strong>ii,</strong></span> <span class='ocrx_word' id='word_1_102' title='bbox 973 1814 1039 1898; x_wconf 83' lang='lat' dir='ltr'><strong>qui,</strong></span> <span class='ocrx_word' id='word_1_103' title='bbox 1072 1814 1216 1898; x_wconf 86' lang='lat' dir='ltr'><strong>quioquid</strong></span> <span class='ocrx_word' id='word_1_104' title='bbox 1246 1815 1329 1896; x_wconf 87' lang='lat' dir='ltr'><strong>apud</strong></span> 
     </span>
     <span class='ocr_line' id='line_1_16' title="bbox 266 1919 1327 2000; baseline -0.004 -12"><span class='ocrx_word' id='word_1_105' title='bbox 266 1925 384 1988; x_wconf 87' lang='lat' dir='ltr'><strong>veteres</strong></span> <span class='ocrx_word' id='word_1_106' title='bbox 411 1921 475 1986; x_wconf 86' lang='lat' dir='ltr'><strong>ulia</strong></span> <span class='ocrx_word' id='word_1_107' title='bbox 506 1937 542 1984; x_wconf 85' lang='lat' dir='ltr'><strong>ex</strong></span> <span class='ocrx_word' id='word_1_108' title='bbox 568 1923 655 2000; x_wconf 88' lang='lat' dir='ltr'><strong>parte</strong></span> <span class='ocrx_word' id='word_1_109' title='bbox 688 1921 823 1986; x_wconf 89' lang='lat' dir='ltr'><strong>abundat</strong></span> <span class='ocrx_word' id='word_1_110' title='bbox 852 1921 906 1984; x_wconf 88' lang='lat' dir='ltr'><strong>aut</strong></span> <span class='ocrx_word' id='word_1_111' title='bbox 936 1919 1004 1985; x_wconf 87' lang='lat' dir='ltr'><strong>tolli</strong></span> <span class='ocrx_word' id='word_1_112' title='bbox 1033 1920 1116 1986; x_wconf 65' lang='lat' dir='ltr'><strong>siner</strong></span> <span class='ocrx_word' id='word_1_113' title='bbox 1132 1919 1327 1996; x_wconf 85' lang='lat' dir='ltr'><strong>ineomrnodo</strong></span> 
     </span>
    </p>
   </div>
   <div class='ocr_carea' id='block_1_5' title="bbox 165 2025 1337 2114">
    <p class='ocr_par' dir='ltr' id='par_1_5' title="bbox 165 2025 1337 2114">
     <span class='ocr_line' id='line_1_17' title="bbox 165 2025 1337 2114; baseline -0.003 -21"><span class='ocrx_word' id='word_1_114' title='bbox 165 2035 167 2040; x_wconf 86' lang='lat'>&#39;</span> <span class='ocrx_word' id='word_1_115' title='bbox 267 2031 383 2114; x_wconf 55' lang='lat' dir='ltr'><strong>potest„</strong></span> <span class='ocrx_word' id='word_1_116' title='bbox 411 2025 536 2090; x_wconf 85' lang='lat' dir='ltr'><strong>eiioiunt</strong></span> <span class='ocrx_word' id='word_1_117' title='bbox 560 2025 591 2087; x_wconf 89' lang='lat' dir='ltr'><strong>et</strong></span> <span class='ocrx_word' id='word_1_118' title='bbox 612 2025 644 2088; x_wconf 91' lang='lat' dir='ltr'><strong>in</strong></span> <span class='ocrx_word' id='word_1_119' title='bbox 666 2045 702 2090; x_wconf 89' lang='lat' dir='ltr'><strong>eo</strong></span> <span class='ocrx_word' id='word_1_120' title='bbox 728 2045 840 2109; x_wconf 87' lang='lat' dir='ltr'><strong>genere</strong></span> <span class='ocrx_word' id='word_1_121' title='bbox 867 2025 1038 2109; x_wconf 82' lang='lat' dir='ltr'><strong>corrigendi</strong></span> <span class='ocrx_word' id='word_1_122' title='bbox 1064 2026 1124 2090; x_wconf 86' lang='lat' dir='ltr'><strong>sihi</strong></span> <span class='ocrx_word' id='word_1_123' title='bbox 1146 2025 1240 2092; x_wconf 87' lang='lat' dir='ltr'><strong>nimis</strong></span> <span class='ocrx_word' id='word_1_124' title='bbox 1259 2027 1337 2108; x_wconf 86' lang='lat' dir='ltr'><strong>plu-¹</strong></span> 
     </span>
    </p>
   </div>
   <div class='ocr_carea' id='block_1_6' title="bbox 265 2130 1330 2426">
    <p class='ocr_par' dir='ltr' id='par_1_6' title="bbox 265 2130 1330 2426">
     <span class='ocr_line' id='line_1_18' title="bbox 267 2130 1330 2214; baseline 0 -16"><span class='ocrx_word' id='word_1_125' title='bbox 267 2135 354 2210; x_wconf 79' lang='lat' dir='ltr'><strong>rent,</strong></span> <span class='ocrx_word' id='word_1_126' title='bbox 386 2133 418 2196; x_wconf 87' lang='lat' dir='ltr'><strong>in</strong></span> <span class='ocrx_word' id='word_1_127' title='bbox 441 2149 533 2214; x_wconf 88' lang='lat' dir='ltr'><strong>quam</strong></span> <span class='ocrx_word' id='word_1_128' title='bbox 554 2131 821 2211; x_wconf 86' lang='lat' dir='ltr'><strong>reprehensionem</strong></span> <span class='ocrx_word' id='word_1_129' title='bbox 851 2132 958 2196; x_wconf 88' lang='lat' dir='ltr'><strong>nostra</strong></span> <span class='ocrx_word' id='word_1_130' title='bbox 984 2130 1075 2196; x_wconf 76' lang='lat' dir='ltr'><strong>atate</strong></span> <span class='ocrx_word' id='word_1_131' title='bbox 1107 2132 1139 2194; x_wconf 86' lang='lat' dir='ltr'><strong>et</strong></span> <span class='ocrx_word' id='word_1_132' title='bbox 1159 2131 1274 2196; x_wconf 85' lang='lat' dir='ltr'><strong>Bakius</strong></span> <span class='ocrx_word' id='word_1_133' title='bbox 1297 2136 1330 2198; x_wconf 91' lang='lat' dir='ltr'><strong>et</strong></span> 
     </span>
     <span class='ocr_line' id='line_1_19' title="bbox 266 2235 1325 2319; baseline -0.001 -16"><span class='ocrx_word' id='word_1_134' title='bbox 266 2237 319 2303; x_wconf 88' lang='lat' dir='ltr'><strong>alii</strong></span> <span class='ocrx_word' id='word_1_135' title='bbox 338 2237 450 2301; x_wconf 81' lang='lat' dir='ltr'><strong>Batavi</strong></span> <span class='ocrx_word' id='word_1_136' title='bbox 471 2237 501 2298; x_wconf 90' lang='lat' dir='ltr'><strong>et</strong></span> <span class='ocrx_word' id='word_1_137' title='bbox 524 2235 669 2301; x_wconf 82' lang='lat' dir='ltr'><strong>Germani</strong></span> <span class='ocrx_word' id='word_1_138' title='bbox 690 2237 814 2319; x_wconf 89' lang='lat' dir='ltr'><strong>quidem</strong></span> <span class='ocrx_word' id='word_1_139' title='bbox 835 2237 1003 2314; x_wconf 81' lang='lat' dir='ltr'><strong>incurrunt,</strong></span> <span class='ocrx_word' id='word_1_140' title='bbox 1029 2238 1060 2300; x_wconf 87' lang='lat' dir='ltr'><strong>et</strong></span> <span class='ocrx_word' id='word_1_141' title='bbox 1082 2236 1114 2312; x_wconf 83' lang='lat' dir='ltr'><strong>ii,</strong></span> <span class='ocrx_word' id='word_1_142' title='bbox 1136 2237 1188 2318; x_wconf 91' lang='lat' dir='ltr'><strong>qui</strong></span> <span class='ocrx_word' id='word_1_143' title='bbox 1208 2236 1325 2302; x_wconf 81' lang='lat' dir='ltr'><strong>oritioae</strong></span> 
     </span>
     <span class='ocr_line' id='line_1_20' title="bbox 265 2340 1328 2426; baseline -0.004 -16"><span class='ocrx_word' id='word_1_144' title='bbox 265 2341 487 2426; x_wconf 85' lang='lat' dir='ltr'><strong>desperationis</strong></span> <span class='ocrx_word' id='word_1_145' title='bbox 507 2341 564 2406; x_wconf 88' lang='lat' dir='ltr'><strong>hoe</strong></span> <span class='ocrx_word' id='word_1_146' title='bbox 585 2340 759 2424; x_wconf 82' lang='lat' dir='ltr'><strong>perfugium</strong></span> <span class='ocrx_word' id='word_1_147' title='bbox 773 2341 897 2420; x_wconf 73' lang='lat' dir='ltr'><strong>habent,</strong></span> <span class='ocrx_word' id='word_1_148' title='bbox 919 2343 964 2419; x_wconf 77' lang='lat' dir='ltr'><strong>ut,</strong></span> <span class='ocrx_word' id='word_1_149' title='bbox 984 2361 1164 2424; x_wconf 78' lang='lat' dir='ltr'><strong>quareque</strong></span> <span class='ocrx_word' id='word_1_150' title='bbox 1186 2360 1328 2406; x_wconf 87' lang='lat' dir='ltr'><strong>enarrare</strong></span> 
     </span>
    </p>
   </div>
   <div class='ocr_carea' id='block_1_7' title="bbox 264 2445 1464 2531">
    <p class='ocr_par' dir='ltr' id='par_1_7' title="bbox 264 2445 1464 2531">
     <span class='ocr_line' id='line_1_21' title="bbox 264 2445 1464 2531; baseline -0.002 -19"><span class='ocrx_word' id='word_1_151' title='bbox 264 2445 463 2531; x_wconf 88' lang='lat' dir='ltr'><strong>probabiliter</strong></span> <span class='ocrx_word' id='word_1_152' title='bbox 484 2464 581 2528; x_wconf 88' lang='lat' dir='ltr'><strong>neque</strong></span> <span class='ocrx_word' id='word_1_153' title='bbox 604 2447 755 2530; x_wconf 84' lang='lat' dir='ltr'><strong>corrigere</strong></span> <span class='ocrx_word' id='word_1_154' title='bbox 776 2447 954 2527; x_wconf 83' lang='lat' dir='ltr'><strong>potuerunt,</strong></span> <span class='ocrx_word' id='word_1_155' title='bbox 976 2447 1202 2528; x_wconf 87' lang='lat' dir='ltr'><strong>interpretando</strong></span> <span class='ocrx_word' id='word_1_156' title='bbox 1225 2449 1258 2512; x_wconf 86' lang='lat' dir='ltr'><strong>et</strong></span> <span class='ocrx_word' id='word_1_157' title='bbox 1278 2448 1328 2512; x_wconf 90' lang='lat' dir='ltr'><strong>in·</strong></span> <span class='ocrx_word' id='word_1_158' title='bbox 1463 2491 1464 2510; x_wconf 54' lang='lat'>2</span> 
     </span>
    </p>
   </div>
   <div class='ocr_carea' id='block_1_8' title="bbox 264 2550 1327 2739">
    <p class='ocr_par' dir='ltr' id='par_1_8' title="bbox 264 2550 1327 2739">
     <span class='ocr_line' id='line_1_22' title="bbox 264 2550 1327 2655; baseline 0.002 -40"><span class='ocrx_word' id='word_1_159' title='bbox 264 2551 444 2640; x_wconf 79' lang='lat' dir='ltr'><strong>terpplando</strong></span> <span class='ocrx_word' id='word_1_160' title='bbox 475 2551 582 2616; x_wconf 87' lang='lat' dir='ltr'><strong>&#39;addita</strong></span> <span class='ocrx_word' id='word_1_161' title='bbox 615 2551 733 2627; x_wconf 85' lang='lat' dir='ltr'><strong>dioant;</strong></span> <span class='ocrx_word' id='word_1_162' title='bbox 766 2571 839 2616; x_wconf 87' lang='lat' dir='ltr'><strong>uem</strong></span> <span class='ocrx_word' id='word_1_163' title='bbox 870 2550 1026 2616; x_wconf 81' lang='lat' dir='ltr'><strong>Interdum</strong></span> <span class='ocrx_word' id='word_1_164' title='bbox 1058 2551 1152 2626; x_wconf 87' lang='lat' dir='ltr'><strong>etiam</strong></span> <span class='ocrx_word' id='word_1_165' title='bbox 1188 2553 1327 2655; x_wconf 63' lang='lat' dir='ltr'><strong>hominos</strong></span> 
     </span>
     <span class='ocr_line' id='line_1_23' title="bbox 264 2656 1327 2739; baseline 0.002 -16"><span class='ocrx_word' id='word_1_166' title='bbox 264 2657 399 2739; x_wconf 87' lang='lat' dir='ltr'><strong>alioquin</strong></span> <span class='ocrx_word' id='word_1_167' title='bbox 420 2656 586 2738; x_wconf 89' lang='lat' dir='ltr'><strong>prudentes</strong></span> <span class='ocrx_word' id='word_1_168' title='bbox 613 2658 658 2722; x_wconf 86' lang='lat' dir='ltr'><strong>sie</strong></span> <span class='ocrx_word' id='word_1_169' title='bbox 678 2677 713 2722; x_wconf 91' lang='lat' dir='ltr'><strong>se</strong></span> <span class='ocrx_word' id='word_1_170' title='bbox 741 2656 882 2722; x_wconf 87' lang='lat' dir='ltr'><strong>molestis</strong></span> <span class='ocrx_word' id='word_1_171' title='bbox 908 2656 1009 2722; x_wconf 83' lang='lat' dir='ltr'><strong>verbis</strong></span> <span class='ocrx_word' id='word_1_172' title='bbox 1030 2656 1159 2724; x_wconf 88' lang='lat' dir='ltr'><strong>liberere</strong></span> <span class='ocrx_word' id='word_1_173' title='bbox 1189 2657 1327 2738; x_wconf 85' lang='lat' dir='ltr'><strong>student,</strong></span> 
     </span>
    </p>
   </div>
   <div class='ocr_carea' id='block_1_9' title="bbox 263 2761 1464 2844">
    <p class='ocr_par' dir='ltr' id='par_1_9' title="bbox 263 2761 1464 2844">
     <span class='ocr_line' id='line_1_24' title="bbox 263 2761 1464 2844; baseline 0.003 -16"><span class='ocrx_word' id='word_1_174' title='bbox 263 2765 298 2834; x_wconf 91' lang='lat' dir='ltr'><strong>ut</strong></span> <span class='ocrx_word' id='word_1_175' title='bbox 321 2761 460 2828; x_wconf 78' lang='lat' dir='ltr'><strong>oblivisci</strong></span> <span class='ocrx_word' id='word_1_176' title='bbox 473 2762 644 2840; x_wconf 85' lang='lat' dir='ltr'><strong>videantur,</strong></span> <span class='ocrx_word' id='word_1_177' title='bbox 666 2763 781 2828; x_wconf 85' lang='lat' dir='ltr'><strong>scribes</strong></span> <span class='ocrx_word' id='word_1_178' title='bbox 798 2761 952 2843; x_wconf 76' lang='lat' dir='ltr'><strong>simplices</strong></span> <span class='ocrx_word' id='word_1_179' title='bbox 968 2761 1092 2844; x_wconf 81' lang='lat' dir='ltr'><strong>quddam</strong></span> <span class='ocrx_word' id='word_1_180' title='bbox 1106 2762 1175 2828; x_wconf 88' lang='lat' dir='ltr'><strong>iilos</strong></span> <span class='ocrx_word' id='word_1_181' title='bbox 1187 2763 1327 2828; x_wconf 88' lang='lat' dir='ltr'><strong>homines</strong></span> <span class='ocrx_word' id='word_1_182' title='bbox 1463 2825 1464 2832; x_wconf 74' lang='grc'>,</span> 
     </span>
    </p>
   </div>
   <div class='ocr_carea' id='block_1_10' title="bbox 260 2866 1344 4126">
    <p class='ocr_par' dir='ltr' id='par_1_10' title="bbox 260 2866 1344 4126">
     <span class='ocr_line' id='line_1_25' title="bbox 263 2866 1327 2951; baseline -0.002 -17"><span class='ocrx_word' id='word_1_183' title='bbox 263 2869 368 2947; x_wconf 80' lang='lat' dir='ltr'><strong>fluisse,</strong></span> <span class='ocrx_word' id='word_1_184' title='bbox 390 2867 445 2934; x_wconf 88' lang='lat' dir='ltr'><strong>sed</strong></span> <span class='ocrx_word' id='word_1_185' title='bbox 468 2870 573 2932; x_wconf 87' lang='lat' dir='ltr'><strong>tamen</strong></span> <span class='ocrx_word' id='word_1_186' title='bbox 595 2887 677 2934; x_wconf 87' lang='lat' dir='ltr'><strong>sanae</strong></span> <span class='ocrx_word' id='word_1_187' title='bbox 699 2866 823 2932; x_wconf 85' lang='lat' dir='ltr'><strong>mentis.</strong></span> <span class='ocrx_word' id='word_1_188' title='bbox 871 2867 966 2931; x_wconf 88' lang='lat' dir='ltr'><strong>Velut</strong></span> <span class='ocrx_word' id='word_1_189' title='bbox 986 2867 1065 2949; x_wconf 89' lang='lat' dir='ltr'><strong>quod</strong></span> <span class='ocrx_word' id='word_1_190' title='bbox 1086 2867 1263 2951; x_wconf 85' lang='lat' dir='ltr'><strong>Kruegerus</strong></span> <span class='ocrx_word' id='word_1_191' title='bbox 1286 2869 1327 2934; x_wconf 87' lang='lat' dir='ltr'><strong>ad</strong></span> 
     </span>
     <span class='ocr_line' id='line_1_26' title="bbox 264 2973 1325 3059; baseline 0 -19"><span class='ocrx_word' id='word_1_192' title='bbox 264 2974 449 3059; x_wconf 83' lang='lat' dir='ltr'><strong>Thuoydidis</strong></span> <span class='ocrx_word' id='word_1_193' title='bbox 477 2974 529 3038; x_wconf 90' lang='lat' dir='ltr'><strong>lib.</strong></span> <span class='ocrx_word' id='word_1_194' title='bbox 557 2975 655 3052; x_wconf 83' lang='lat' dir='ltr'>VIII,</span> <span class='ocrx_word' id='word_1_195' title='bbox 688 2974 747 3048; x_wconf 75' lang='grc'><strong>46,</strong></span> <span class='ocrx_word' id='word_1_196' title='bbox 782 2986 875 3054; x_wconf 86' lang='lat' dir='ltr'><strong>quem</strong></span> <span class='ocrx_word' id='word_1_197' title='bbox 908 2973 1009 3038; x_wconf 89' lang='lat' dir='ltr'><strong>looum</strong></span> <span class='ocrx_word' id='word_1_198' title='bbox 1036 2991 1127 3054; x_wconf 89' lang='lat' dir='ltr'><strong>supra</strong></span> <span class='ocrx_word' id='word_1_199' title='bbox 1155 2974 1325 3054; x_wconf 77' lang='lat' dir='ltr'><strong>emendavi,</strong></span> 
     </span>
     <span class='ocr_line' id='line_1_27' title="bbox 262 3078 1326 3163; baseline -0.002 -17"><span class='ocrx_word' id='word_1_200' title='bbox 262 3081 396 3163; x_wconf 87' lang='lat' dir='ltr'><strong>primum</strong></span> <span class='ocrx_word' id='word_1_201' title='bbox 417 3078 580 3160; x_wconf 79' lang='lat' dir='ltr'><strong>adscripsit</strong></span> <span class='ocrx_word' id='word_1_202' title='bbox 601 3085 653 3156; x_wconf 88' lang='lat'><strong>(-</strong></span> <span class='ocrx_word' id='word_1_203' title='bbox 675 3097 747 3144; x_wconf 89' lang='lat' dir='ltr'><strong>nam</strong></span> <span class='ocrx_word' id='word_1_204' title='bbox 768 3080 875 3162; x_wconf 86' lang='lat' dir='ltr'><strong>postea</strong></span> <span class='ocrx_word' id='word_1_205' title='bbox 906 3078 946 3142; x_wconf 89' lang='lat' dir='ltr'><strong>ed</strong></span> <span class='ocrx_word' id='word_1_206' title='bbox 972 3097 1078 3142; x_wconf 84' lang='lat' dir='ltr'><strong>verum</strong></span> <span class='ocrx_word' id='word_1_207' title='bbox 1099 3096 1191 3160; x_wconf 89' lang='lat' dir='ltr'><strong>prope</strong></span> <span class='ocrx_word' id='word_1_208' title='bbox 1220 3087 1326 3144; x_wconf 80' lang='lat' dir='ltr'><strong>aeres-</strong></span> 
     </span>
     <span class='ocr_line' id='line_1_28' title="bbox 262 3177 1325 3272; baseline -0.001 -22"><span class='ocrx_word' id='word_1_209' title='bbox 262 3187 304 3250; x_wconf 88' lang='lat' dir='ltr'><strong>sit</strong></span> <span class='ocrx_word' id='word_1_210' title='bbox 328 3191 393 3263; x_wconf 84' lang='lat'><strong>-)‚</strong></span> <span class='ocrx_word' id='word_1_211' title='bbox 421 3179 463 3248; x_wconf 74' lang='lat' dir='ltr'><strong>vd</strong></span> <span class='ocrx_word' id='word_1_212' title='bbox 488 3177 586 3250; x_wconf 71' lang='grc' dir='ltr'><strong><em>δειναὶ·</em></strong></span> <span class='ocrx_word' id='word_1_213' title='bbox 606 3185 827 3266; x_wconf 87' lang='lat' dir='ltr'><strong>interpretandi</strong></span> <span class='ocrx_word' id='word_1_214' title='bbox 848 3194 942 3249; x_wconf 85' lang='lat' dir='ltr'><strong>eausa</strong></span> <span class='ocrx_word' id='word_1_215' title='bbox 970 3183 1125 3248; x_wconf 72' lang='lat' dir='ltr'><strong>adiemum</strong></span> <span class='ocrx_word' id='word_1_216' title='bbox 1147 3193 1213 3248; x_wconf 88' lang='lat' dir='ltr'><strong>osse</strong></span> <span class='ocrx_word' id='word_1_217' title='bbox 1234 3203 1325 3272; x_wconf 87' lang='lat' dir='ltr'><strong>posse</strong></span> 
     </span>
     <span class='ocr_line' id='line_1_29' title="bbox 262 3289 1325 3405; baseline 0 -51"><span class='ocrx_word' id='word_1_218' title='bbox 262 3291 415 3368; x_wconf 78' lang='lat' dir='ltr'><strong>(konnte</strong></span> <span class='ocrx_word' id='word_1_219' title='bbox 438 3289 610 3405; x_wconf 62' lang='lat' dir='ltr'><strong>Glossem</strong></span> <span class='ocrx_word' id='word_1_220' title='bbox 633 3290 744 3368; x_wconf 86' lang='lat' dir='ltr'><strong>sein),</strong></span> <span class='ocrx_word' id='word_1_221' title='bbox 770 3309 918 3372; x_wconf 70' lang='lat' dir='ltr'><strong>quorum,</strong></span> <span class='ocrx_word' id='word_1_222' title='bbox 941 3308 1059 3370; x_wconf 80' lang='lat' dir='ltr'><strong>quaese,</strong></span> <span class='ocrx_word' id='word_1_223' title='bbox 1088 3289 1249 3358; x_wconf 83' lang='lat' dir='ltr'><strong>verborum</strong></span> <span class='ocrx_word' id='word_1_224' title='bbox 1269 3290 1325 3354; x_wconf 85' lang='lat' dir='ltr'><strong>illa</strong></span> 
     </span>
     <span class='ocr_line' id='line_1_30' title="bbox 263 3393 1324 3478; baseline 0.002 -20"><span class='ocrx_word' id='word_1_225' title='bbox 263 3395 473 3476; x_wconf 88' lang='lat' dir='ltr'><strong>interpretatio</strong></span> <span class='ocrx_word' id='word_1_226' title='bbox 495 3397 543 3460; x_wconf 87' lang='lat' dir='ltr'><strong>est</strong></span> <span class='ocrx_word' id='word_1_227' title='bbox 565 3396 597 3460; x_wconf 87' lang='lat' dir='ltr'><strong>et</strong></span> <span class='ocrx_word' id='word_1_228' title='bbox 618 3394 739 3477; x_wconf 78' lang='lat' dir='ltr'><strong>qualis?</strong></span> <span class='ocrx_word' id='word_1_229' title='bbox 786 3398 817 3460; x_wconf 89' lang='lat' dir='ltr'><strong>et</strong></span> <span class='ocrx_word' id='word_1_230' title='bbox 839 3415 920 3477; x_wconf 82' lang='lat' dir='ltr'><strong>quae,</strong></span> <span class='ocrx_word' id='word_1_231' title='bbox 941 3393 997 3478; x_wconf 75' lang='lat' dir='ltr'><strong>illa</strong></span> <span class='ocrx_word' id='word_1_232' title='bbox 1018 3394 1153 3474; x_wconf 83' lang='lat' dir='ltr'><strong>sublata,</strong></span> <span class='ocrx_word' id='word_1_233' title='bbox 1176 3393 1324 3478; x_wconf 87' lang='lat' dir='ltr'><strong>relinqui-</strong></span> 
     </span>
     <span class='ocr_line' id='line_1_31' title="bbox 260 3494 1323 3584; baseline -0.001 -19"><span class='ocrx_word' id='word_1_234' title='bbox 260 3504 312 3565; x_wconf 84' lang='lat' dir='ltr'><strong>tur</strong></span> <span class='ocrx_word' id='word_1_235' title='bbox 344 3500 528 3566; x_wconf 78' lang='lat' dir='ltr'><strong>oonsuuorio</strong></span> <span class='ocrx_word' id='word_1_236' title='bbox 561 3494 788 3584; x_wconf 73' lang='grc' dir='ltr'><strong>(εὐτελέστερα</strong></span> <span class='ocrx_word' id='word_1_237' title='bbox 825 3506 1053 3584; x_wconf 74' lang='grc' dir='ltr'><strong><em>κατατρῖψαι).</em></strong></span> <span class='ocrx_word' id='word_1_238' title='bbox 1106 3498 1164 3564; x_wconf 80' lang='lat' dir='ltr'><strong>Sed</strong></span> <span class='ocrx_word' id='word_1_239' title='bbox 1198 3519 1323 3581; x_wconf 86' lang='lat' dir='ltr'><strong>prorsus</strong></span> 
     </span>
     <span class='ocr_line' id='line_1_32' title="bbox 261 3604 1322 3688; baseline -0.002 -16"><span class='ocrx_word' id='word_1_240' title='bbox 261 3607 368 3672; x_wconf 89' lang='lat' dir='ltr'><strong>eodem</strong></span> <span class='ocrx_word' id='word_1_241' title='bbox 389 3605 479 3672; x_wconf 90' lang='lat' dir='ltr'><strong>modo</strong></span> <span class='ocrx_word' id='word_1_242' title='bbox 501 3607 533 3670; x_wconf 92' lang='lat' dir='ltr'><strong>in</strong></span> <span class='ocrx_word' id='word_1_243' title='bbox 561 3607 784 3685; x_wconf 73' lang='lat' dir='ltr'><strong>Iustini‘iooo‚</strong></span> <span class='ocrx_word' id='word_1_244' title='bbox 812 3625 909 3688; x_wconf 78' lang='lat' dir='ltr'><strong>quem</strong></span> <span class='ocrx_word' id='word_1_245' title='bbox 934 3605 1024 3687; x_wconf 84' lang='lat' dir='ltr'><strong>paulo</strong></span> <span class='ocrx_word' id='word_1_246' title='bbox 1053 3605 1124 3687; x_wconf 84' lang='lat' dir='ltr'><strong>post</strong></span> <span class='ocrx_word' id='word_1_247' title='bbox 1145 3604 1322 3683; x_wconf 83' lang='lat' dir='ltr'><strong>emendabo,</strong></span> 
     </span>
     <span class='ocr_line' id='line_1_33' title="bbox 262 3710 1322 3794; baseline 0 -18"><span class='ocrx_word' id='word_1_248' title='bbox 262 3714 331 3790; x_wconf 85' lang='lat' dir='ltr'>VII,</span> <span class='ocrx_word' id='word_1_249' title='bbox 348 3713 376 3790; x_wconf 80' lang='grc'><strong>6,</strong></span> <span class='ocrx_word' id='word_1_250' title='bbox 398 3713 491 3776; x_wconf 77' lang='lat' dir='ltr'><strong>reta</strong></span> <span class='ocrx_word' id='word_1_251' title='bbox 508 3714 601 3778; x_wconf 86' lang='lat' dir='ltr'><strong>verba</strong></span> <span class='ocrx_word' id='word_1_252' title='bbox 616 3713 721 3794; x_wconf 87' lang='lat' dir='ltr'><strong>oepit</strong></span> <span class='ocrx_word' id='word_1_253' title='bbox 741 3713 827 3776; x_wconf 88' lang='lat' dir='ltr'><strong>hino</strong></span> <span class='ocrx_word' id='word_1_254' title='bbox 846 3711 1086 3776; x_wconf 84' lang='lat' dir='ltr'><strong>Thessaliam</strong></span> <span class='ocrx_word' id='word_1_255' title='bbox 1100 3710 1188 3776; x_wconf 88' lang='lat' dir='ltr'><strong>unois</strong></span> <span class='ocrx_word' id='word_1_256' title='bbox 1203 3711 1322 3776; x_wconf 84' lang='lat' dir='ltr'><strong>amoliri</strong></span> 
     </span>
     <span class='ocr_line' id='line_1_34' title="bbox 261 3815 1322 3901; baseline 0 -19"><span class='ocrx_word' id='word_1_257' title='bbox 261 3818 382 3901; x_wconf 89' lang='lat' dir='ltr'><strong>Ieepius</strong></span> <span class='ocrx_word' id='word_1_258' title='bbox 405 3820 533 3882; x_wconf 79' lang='lat' dir='ltr'><strong>renatus</strong></span> <span class='ocrx_word' id='word_1_259' title='bbox 551 3821 608 3884; x_wconf 90' lang='lat' dir='ltr'><strong>est.</strong></span> <span class='ocrx_word' id='word_1_260' title='bbox 656 3818 743 3882; x_wconf 86' lang='lat' dir='ltr'><strong>Nihil</strong></span> <span class='ocrx_word' id='word_1_261' title='bbox 767 3816 862 3899; x_wconf 84' lang='lat' dir='ltr'><strong>igitur</strong></span> <span class='ocrx_word' id='word_1_262' title='bbox 883 3815 1128 3896; x_wconf 84' lang='lat' dir='ltr'><strong>additamentum</strong></span> <span class='ocrx_word' id='word_1_263' title='bbox 1149 3815 1322 3882; x_wconf 85' lang='lat' dir='ltr'><strong>habendum</strong></span> 
     </span>
     <span class='ocr_line' id='line_1_35' title="bbox 261 3921 1320 4006; baseline -0.003 -17"><span class='ocrx_word' id='word_1_264' title='bbox 261 3927 309 3989; x_wconf 91' lang='lat' dir='ltr'><strong>est</strong></span> <span class='ocrx_word' id='word_1_265' title='bbox 331 3935 439 4006; x_wconf 89' lang='lat' dir='ltr'><strong>(neque</strong></span> <span class='ocrx_word' id='word_1_266' title='bbox 460 3923 643 4001; x_wconf 82' lang='lat' dir='ltr'><strong>huiusmodi,</strong></span> <span class='ocrx_word' id='word_1_267' title='bbox 666 3925 703 3988; x_wconf 89' lang='lat' dir='ltr'><strong>de</strong></span> <span class='ocrx_word' id='word_1_268' title='bbox 726 3941 784 4006; x_wconf 92' lang='lat' dir='ltr'><strong>quo</strong></span> <span class='ocrx_word' id='word_1_269' title='bbox 805 3921 1026 4005; x_wconf 84' lang='lat' dir='ltr'><strong>nuneagimus‚</strong></span> <span class='ocrx_word' id='word_1_270' title='bbox 1048 3939 1146 4004; x_wconf 87' lang='lat' dir='ltr'><strong>neque</strong></span> <span class='ocrx_word' id='word_1_271' title='bbox 1164 3921 1320 4000; x_wconf 84' lang='lat' dir='ltr'><strong>eiusmodi,</strong></span> 
     </span>
     <span class='ocr_line' id='line_1_36' title="bbox 262 4024 1344 4126; baseline -0.005 -31"><span class='ocrx_word' id='word_1_272' title='bbox 262 4030 342 4113; x_wconf 90' lang='lat' dir='ltr'><strong>quod</strong></span> <span class='ocrx_word' id='word_1_273' title='bbox 369 4049 444 4108; x_wconf 35' lang='lat' dir='ltr'><strong>vere·</strong></span> <span class='ocrx_word' id='word_1_274' title='bbox 468 4029 679 4112; x_wconf 84' lang='lat' dir='ltr'><strong>interpolando</strong></span> <span class='ocrx_word' id='word_1_275' title='bbox 709 4029 817 4096; x_wconf 83' lang='lat' dir='ltr'><strong>statim</strong></span> <span class='ocrx_word' id='word_1_276' title='bbox 845 4028 906 4110; x_wconf 89' lang='lat' dir='ltr'><strong>ipsi</strong></span> <span class='ocrx_word' id='word_1_277' title='bbox 935 4027 1065 4094; x_wconf 90' lang='lat' dir='ltr'><strong>orationi</strong></span> <span class='ocrx_word' id='word_1_278' title='bbox 1095 4024 1344 4126; x_wconf 55' lang='lat' dir='ltr'><strong>interpositum„</strong></span> 
     </span>
    </p>
   </div>
   <div class='ocr_carea' id='block_1_11' title="bbox 0 0 1476 4660">
    <p class='ocr_par' dir='ltr' id='par_1_11' title="bbox 0 0 1476 4660">
     <span class='ocr_line' id='line_1_37' title="bbox 0 0 1476 4660; baseline 0 1"><span class='ocrx_word' id='word_1_279' title='bbox 0 0 1476 4660; x_wconf 95' lang='lat' dir='ltr'><strong> </strong></span> 
     </span>
    </p>
   </div>
  </div>
 </body>
</html>
