3004 4676
329 317 390 382 554
747 317 808 373 Lib.
827 316 877 373 IV.

384 516 454 582 lod.
476 518 536 580 379
562 518 604 596 (6,
628 519 694 594 21):
727 517 782 580 καί
810 509 896 601 ἡμῖν
923 509 1171 601 ἀναβαίνουσιν
1193 508 1238 600 ἦν
1261 517 1349 600 δῆλα

285 623 326 690 ια’
354 625 483 707 ἐρείπια
504 625 565 707 τῆς
587 624 757 708 σχοινίοις.Ι
789 621 874 687 imo:
897 623 958 706 ’τῆς
980 624 1142 697 κονίας,
1165 621 1265 687 dalem.
1275 624 1298 702 1)

384 730 449 794 Lib.
475 729 522 792 IX
541 749 570 811 p.
586 729 645 790 401
681 733 723 806 (2,
751 731 797 806 2):
835 721 953 815 α’μιυγῂ
987 729 1021 794 δὲ
1054 726 1114 793 ’καί
1138 729 1275 813 παιδείᾳ
1295 723 1351 814 μή

284 839 516 922 χρησαμένους
540 836 614 899 ἐπεὶ
647 834 734 918 μηδὲ
761 829 843 907 σούς
869 827 921 900 αἰί
950 838 1252 917 προισταμένους.
1276 880 1284 896 .
1307 881 1315 896 .
1340 880 1349 897 .

286 945 341 1008 ἐπί
365 936 490 1026 μιαρόν
513 937 575 1006 τόν
596 933 717 1026 χρόνον
740 927 936 1023 συμμεῖναι.
978 941 1037 1006 Pro
1061 942 1133 1005 ἐπεί
1155 941 1257 1026 μηδὲ,
1279 960 1350 1023 quae

284 1037 455 1136 Meinehius
477 1046 543 1111 iuro
565 1047 697 1124 notavit,
726 1047 920 1111 scribendum
949 1050 1156 1128 ἐπιμελεῖ.
1201 1046 1346 1124 (Caseub.

286 1155 480 1238 durandulo.)
536 1147 539 1154 ’

384 1259 452 1324 lbd.
476 1257 536 1320 403
558 1259 599 1336 (2,
622 1257 668 1334 9):
690 1250 753 1338 τήν
776 1257 854 1341 περί
877 1252 984 1323 αὐτόν
1007 1251 1146 1341 α’πιίτην
1167 1255 1348 1344 μεταγνῶ-

284 1392 351 1432 ναι.
395 1364 508 1429 Serib.:
536 1357 763 1446 οίμαρσίαν.

384 1469 453 1534 Ihd.
475 1470 536 1530 406
559 1469 601 1545 (2,
626 1469 675 1546 16)
701 1487 794 1552 prave
816 1469 960 1534 eontrarii
981 1469 1133 1550 ponuntur
1153 1467 1240 1532 fluvii
1262 1459 1347 1530 σίνα-

284 1569 438 1663 χεόμινοι
471 1579 520 1646 είς
552 1571 595 1639 ου’
632 1575 732 1640 πεδία
765 1577 797 1640 ei
835 1575 1073 1658 ἐμπίπτοντες.
1105 1571 1348 1648 ¹Seribtndum:

285 1683 453 1766 ποταμῶν
470 1675 710 1766 οίναχεομίνσιν
727 1685 775 1753 είς
794 1674 882 1746 osiaci
901 1682 968 1746 τῶν
990 1671 1346 1764 διιμπιπσόνσων,

285 1791 357 1856 εἶτα
381 1781 530 1871 ἐνούσαις
560 1780 823 1872 λαμβανόντωνε
858 1809 926 1849 oum
949 1785 1051 1871 fluvii,
1084 1786 1139 1870 qui
1168 1785 1201 1846 ία
1223 1805 1347 1867 compos

284 1896 420 1958 incidunt
441 1903 468 1954 et
489 1913 536 1954 eos
555 1905 737 1976 pereurrant
761 1899 805 1972 (σί
829 1894 969 1976 drepana),
990 1899 1169 1976 residimant,
1192 1897 1244 1952 oet.

389 1997 458 2063 unu.
480 1998 541 2060 σοι
568 1999 612 2074 (a,
635 1997 686 2073 18)
708 2017 781 2062 sen:
814 1991 1051 2081 αἠιιιιοῆιιι
1078 1990 1106 2064 o’
1133 1989 1261 2068 ιοιιῐς
1281 2000 1350 2076 <pro

286 2108 320 2174 δὲ
343 2099 495 2182 ταύτας).
593 2109 604 2189 Ἰ

385 2211 450 2276 lbd.
463 2208 524 2271 412
546 2209 591 2287 (3,
616 2209 672 2288 31)
695 2201 903 2274 σιί“’7πασον
918 2204 998 2291 ὄρος
1017 2209 1160 2273 definitur
1176 2205 1344 2293 γεωλοφία

285 2311 384 2401 ιιαλή.
438 2315 569 2396 Reliqua
601 2313 719 2378 ineerta
754 2315 841 2389 sunt3
881 2313 1012 2378 fortasse
1037 2313 1097 2378 init
1123 2315 1166 2401 τῇ
1199 2307 1345 2398 sandolo.

285 2423 456 2490 Mein'ehius
486 2418 615 2512 delendo
641 2422 798 2500 grassatus
827 2421 889 2494 est,
919 2419 1079 2483 violentius
1105 2421 1208 2484 tamen
1232 2441 1261 2502 p.
1284 2419 1346 2481 415

284 2531 352 2594 init.
381 2530 423 2604 (2,
450 2527 519 2606 40),
553 2525 606 2589 ubi
627 2543 687 2588 non
723 2524 857 2588 debebat
883 2523 1025 2588 Straboni
1058 2525 1198 2589 subtrahi
1228 2543 1346 2607 pannus

284 2633 510 2719 ephilosophia
525 2633 648 2696 assutus
660 2647 733 2694 sane
747 2629 862 2711 inepte,
883 2629 914 2695 in
937 2647 995 2712 quo
1017 2647 1131 2712 genera
1150 2629 1224 2712 quid
1238 2629 1346 2710 Strabo

287 2740 482 2808 committere
510 2735 661 2818 potuerit,
689 2735 825 2800 ostendit
844 2736 930 2802 loeus
952 2735 991 2800 de
1013 2733 1175 2800 Curetibus
1201 2736 1234 2800 et
1254 2735 1346 2818 Cory-
1471 2730 1475 2740 '

283 2847 428 2912 buniibus
449 2843 481 2906 in
503 2840 634 2906 libroX
663 2859 692 2922 p.
715 2843 776 2902 467
799 2859 866 2923 sqq.
898 2844 941 2918 (3,
963 2841 981 2901 9
1006 2846 1093 2923 sqq.).
1144 2839 1206 2906 Sed
1226 2842 1259 2905 in
1279 2841 1344 2904 loco

283 2951 395 3017 iniuria
414 2947 515 3013 deleto
536 2963 590 3029 pro
619 2939 828 3030 εὐεργεσίαις
851 2949 972 3030 φέρωσι
994 2947 1189 3012 scribendum
1210 2946 1345 3012 videtur:

284 3081 394 3144 οοεργ.
420 3077 605 3135 πσιρωοι.

283 3255 479 3266 ...—-——-.---.

310 3386 332 3454 ¹)
351 3371 498 3453 Ρ.384’(7,
518 3385 545 3451 i)
562 3382 663 3437 frustm
681 3382 833 3436 Mainehins
851 3385 985 3452 repugnat
994 3367 1087 3438 Curtio
1106 3379 1145 3460 σιίΙ
1158 3381 1344 3450 συνελθούσης
1382 3361 1387 3368 ’

351 3477 381 3532 in
400 3477 433 3532 οὐ
453 3476 623 3544 συνεστώσης
640 3475 765 3528 mutanti
802 3473 918 3528 Etiamsi
944 3472 978 3530 ου’
1003 3474 1148 3544 συνιούσης
1173 3474 1341 3538 scriberetur,

351 3585 459 3639 prorsus
483 3569 510 3621 et
534 3568 702 3636 tautologum
725 3569 796 3619 esset
819 3568 847 3619 et
870 3569 962 3622 eontra
979 3567 1121 3622 historiam
1139 3569 1177 3636 (p.
1195 3568 1267 3635 386).
1310 3566 1342 3620 Ρ.

353 3663 406 3718 393
424 3660 484 3728 (lx,
495 3665 520 3728 1,
533 3665 560 3728 9)
580 3653 618 3714 ὧν
630 3663 692 3730 post
704 3657 802 3730 ἡρώων
812 3658 966 3714 addideram
978 3661 1088 3731 ignarus
1100 3658 1281 3714 aCasanbono
1289 3659 1344 3713 iam

352 3753 484 3808 adiectum
504 3769 568 3808 esse.
599 3753 629 3808 P.
639 3755 691 3808 396
708 3753 810 3818 (ule)
829 3751 1018 3806 revocandum:
1039 3750 1095 3820 ὁσιῑ
1113 3750 1162 3820 τὴν
1181 3751 1343 3818 ἀκρόπολιν,

351 3846 397 3906 aui
415 3844 446 3900 τὸ
466 3846 528 3912 περὶ
547 3849 596 3915 τῆς
614 3845 738 3914 τριαίνης
757 3841 811 3912 ἔχει
830 3865 856 3896 τι
876 3850 996 3914 σημεῖον.
1032 3827 1163 3914 Hegesias
1181 3843 1256 3908 dicit,
1277 3841 1343 3912 quid

351 3939 403 3992 sibi
423 3953 528 4007 quaque
547 3937 713 3992 Athenarum
738 3939 770 3990 et·
785 3937 882 3990 Attica
906 3939 982 4006 parte
1009 3937 1038 3990 iu
1063 3940 1179 3990 mentem
1204 3938 1296 3990 veniat
1314 3938 1343 3991 et

350 4031 427 4098 qnasi
446 4031 510 4086 nota
527 4029 650 4098 apposita
662 4029 793 4096 signetur.
824 4029 856 4083 In
876 4045 936 4084 aree
952 4029 1138 4084 tantummodo
1150 4045 1231 4083 unam
1250 4033 1342 4084 notam

351 4123 493 4194 signifieat,
513 4121 622 4176 Polemo
639 4121 854 4176 memorabilium
872 4123 999 4191 quattuor
1017 4121 1101 4176 libros
1118 4121 1285 4192 impleverat
