3014 4666
310 296 373 360 274
745 293 804 350 Lib.
823 295 861 352 11.

269 489 386 561 οὐκέθ’
408 488 529 580 nquior
561 507 674 581 γαμεῖ.
733 491 820 571 Quod
846 493 879 561 in
905 495 1030 560 ineerta
1055 493 1166 558 fabule
1194 493 1332 558 versibus

270 600 351 684 apud
379 600 570 666 Clementem
598 599 707 668 Strom.
732 599 829 686 Hip.
855 599 916 660 520
946 599 1074 664 servatis
1107 600 1155 678 (fr.
1180 598 1255 674 900)
1277 617 1331 680 pro

270 703 422 790 ἄφρονας
442 706 564 772 restitui
588 703 742 790 ἄρσενας,
767 706 885 768 eertum
909 707 966 770 est

370 813 547 894 Antequam
569 831 587 876 a
613 810 739 896 tragicis
768 808 907 886 discedo,
936 807 1048 874 addam
1083 809 1239 894 egregiam
1275 809 1333 872 looi

270 917 467 1002 AEsohylei
489 917 734 982 emendationem
750 915 789 980 ab
800 915 844 978 Io.
858 915 893 977 V.
906 914 1055 998 Pingeliq
1078 914 1236 982 carissimo
1259 914 1332 978 olim

271 1023 422 1098 auditore,
454 1023 507 1105 qui
540 1040 620 1086 nuno
653 1021 685 1084 in
726 1020 795 1084 aliis
829 1019 965 1084 soientiae
991 1019 1154 1102 generibus
1186 1020 1333 1096 elaborat,

271 1148 393 1206 meeum
426 1127 683 1198 communicatam
716 1143 867 1208 supraque
902 1143 1003 1190 errore
1035 1124 1192 1192 omissam.
1251 1124 1332 1190 Nam

271 1232 425 1301 Prometh.
448 1251 478 1294 v.
502 1233 568 1294 460
585 1252 630 1315 sq.
655 1231 750 1296 edunt
771 1215 867 1294 nuno:
990 1293 993 1300 ,

308 1323 312 1330 ’
686 1330 898 1422 γραμμάτων
920 1361 956 1402 τε
979 1342 1159 1410 συνθέσεις

422 1435 563 1525 μνήμης
585 1432 750 1506 ἁπάντων
769 1435 1001 1526 μουσομήτορ’
1024 1436 1189 1528 ἐργάνην(

330 1625 332 1630 ,
372 1546 432 1612 Sed
459 1546 580 1610 oodiees
607 1539 753 1632 μνήμην
780 1549 909 1623 habent,
939 1549 1018 1632 quod
1044 1567 1063 1612 a
1088 1531 1334 1633 μουσομήτορα

272 1651 363 1720 auelli
393 1669 451 1716 non
482 1651 556 1716 sinit
587 1651 748 1718 notissima
766 1652 870 1718 sabula
894 1653 931 1718 de
953 1653 1154 1740 Mnemosyne
1176 1655 1334 1720 Musarum

272 1760 381 1823 matre
437 1757 544 1838 Neque
582 1752 721 1844 ἐργάνγ,
761 1758 840 1842 quod
881 1757 1047 1846 aStobaeo
1083 1745 1241 1844 sumptum
1277 1762 1334 1835 est,

274 1881 408 1952 unquam
430 1881 484 1944 per
518 1881 550 1931 se
582 1883 636 1946 pro
664 1864 856 1930 substantivo
885 1863 922 1928 de
944 1865 1097 1930 effectrioo
1120 1865 1240 1930 dieitur.
1298 1866 1334 1930 In

272 1967 337 2042 eod.
364 1967 503 2032 Medioeo
538 1987 556 2032 a
583 1971 683 2052 prime
716 1989 808 2034 mauu
838 1972 886 2036 est
916 1971 1039 2034 tentum
1067 1976 1134 2056 ἐργ,
1161 1970 1259 2034 multo
1287 1989 1335 2036 re-

271 2073 390 2138 centior
433 2053 570 2158 ορμον
612 2074 752 2158 explevit
811 2075 994 2140 aerumma
1038 2075 1133 2158 igitur
1178 2075 1335 2159 Pingelius

272 2180 365 2244 serini
389 2179 482 2266 τυΙυιΙ

393 2279 536 2368 μνήμην
558 2278 724 2376 (ἱστάντων
745 2280 977 2370 μουσομήτορ’
991 2278 1224 2372 ,ἐργμάτων

715 2567 797 2649 Cap.
818 2567 887 2632 III.
920 2662 923 2670 Α

317 2679 319 2686 ’
352 2717 552 2788 senuphius,
570 2716 731 2788 sponsurus
748 2717 877 2782 annuus,
897 2718 1086 2782 eumaeus,
1101 2718 1266 2777 uimque

373 2831 424 2896 Ao
457 2835 628 2916 ceterorum
660 2831 771 2915 praeter
790 2833 937 2922 ,tragicos
969 2835 1127 2917 poetamm
1161 2833 1337 2900 oraeoorum

274 2955 367 3022 opera
389 2937 581 3002 emendanda
607 2957 674 3021 quae
702 2939 809 3002 afferre
831 2957 971 3020 possum,
992 2957 1054 3004 uno
1075 2939 1174 3022 eapite
1196 2958 1338 3021 eompre-

274 3042 425 3118 hendam
447 3061 544 3125 neque
567 3044 648 3108 euim
670 3042 760 3108 valde
781 3043 880 3109 multa
902 3045 983 3110 sunt.

376 3147 624 3234 Aristophanem
657 3167 727 3214 oum
755 3167 782 3214 a.
817 3147 897 3212 1858
925 3147 1080 3230 postremo
1108 3148 1208 3214 totum
1238 3149 1338 3230 perle-

275 3271 389 3337 gerem,
413 3273 480 3335 quae
507 3253 654 3318 annotavi
680 3250 862 3318 annotatave
888 3273 908 3318 a
935 3272 985 3318 mo
1012 3255 1106 3320 antea
1132 3253 1257 3336 pmbuui
1282 3272 1340 3318 neo

275 3361 384 3441 postea
416 3359 454 3422 ab
484 3358 553 3425 aliis
580 3361 730 3440 oeeupata
760 3359 891 3442 cognovi
925 3359 973 3435 (ut
1001 3358 1108 3424 suum
1136 3358 1172 3432 in
1204 3357 1339 3424 Ashurn.

278 3462 359 3528 1062
382 3458 474 3532 uteie
496 3483 515 3528 a
537 3462 721 3546 Blaydesio),
744 3465 793 3528 hio
814 3483 935 3546 ponam.
1039 3491 1041 3494 ·

377 3567 518 3638 nouare.
551 3588 580 3632 v.
604 3568 683 3632 1209
710 3588 770 3634 non
793 3569 911 3634 imitari
932 3567 1129 3650 Dioaeopolim
1151 3569 1342 3634 Lamaehum

277 3671 461 3751 eiulantem,
494 3675 548 3740 sed
569 3675 671 3758 ipsum
699 3675 854 3757 voluptate
883 3675 1090 3759 perfruentem
1116 3672 1205 3738 illum
1233 3672 1341 3750 ridere,

276 3778 361 3844 reete
393 3779 487 3846 etiam
520 3771 702 3864 a'Borglqo
729 3779 922 3846 intellectum
948 3775 1052 3855 uidem
1083 3775 1138 3842 sed
1163 3778 1239 3844 nihil
1265 3795 1341 3860 opus

278 3883 328 3951 ott
358 3885 606 3968 transpositiono;
646 3885 768 3964 tuntum
799 3883 909 3950 veroa
927 3883 1009 3952 reete
1044 3881 1271 3961 distribuenda,
1308 3884 1343 3948 ut

255 4053 260 4074 ,
279 3985 453 4070 Lamachus
475 4007 605 4073 quereus
624 3987 807 4072 ingeminet:

405 4179 417 4206 ο
522 4089 683 4180 στυγερὸς
705 4089 780 4180 ἐγώ,
802 4086 951 4181 μογερόσ
972 4085 1047 4178 ἐγώ,
