2954 4664
662 237 723 292 Lib.
741 237 762 293 1.
1138 239 1195 302 171

181 437 259 520 pidia
280 437 379 520 Iphig.
402 436 474 502 Aul.
496 435 557 498 462
585 436 649 514 (ubi
666 455 756 511 ‚nune
782 451 887 504 omnes
917 439 1024 506 edunt:
1056 439 1153 524 οἶμαι
1175 432 1239 527 γάρ

182 567 236 608 νιν
258 534 442 608 ἱκετεύσειν
464 535 546 608 τάδε
567 561 622 624 pro
646 541 825 621 ἱκετεῦσαι)
853 546 907 610 aut
930 545 1145 628 Aristophanis
1168 545 1241 610 nub.

182 647 219 712 35
243 639 536 734 (ἐνεχοριὲσασθαι,
559 647 619 712 vid.
636 653 739 729 supra)
763 651 795 714 et
811 650 888 712 uel
914 645 1135 727 (δικάσασθαι
1157 650 1238 735 φασί

180 780 239 840 μοι
261 757 331 836 post
352 750 393 820 οὖ
415 755 519 838 φασίν
547 779 631 820 ποτε
659 745 905 836 ἀπολήψεσθαι
935 751 967 820 iu
989 777 1016 822 v.
1041 757 1143 832 1140:
1167 775 1241 824 nam

181 853 431 942 ἐπιλήψεσθαι
459 878 556 944 neque
586 858 703 924 librarii
731 858 852 925 efficere
874 881 973 945 neque
998 862 1166 932 Teuffelius
1189 861 1242 925 de·

179 967 305 1032 fondere
330 967 472 1050 poterat)
509 966 564 1030 aut
591 981 656 1030 ran.
681 964 739 1026 901
769 967 976 1050 (προσδοκᾶν
998 1015 1005 1031 .
1030 1013 1038 1032 .
1064 1015 1073 1031 .
1096 961 1244 1050 τὸνμὲν

181 1065 318 1138 οἷοσσῑόν
346 1096 379 1135 τι
408 1071 493 1146 λέξαι
518 1115 525 1132 .
551 1116 558 1132 .
582 1117 591 1136 .
613 1063 676 1134 τόν
704 1067 737 1134 aa
762 1117 770 1134 .
794 1119 801 1138 .
826 1119 834 1136 .
858 1073 1040 1149 σνσκεθᾱν,
1068 1077 1138 1137 cum
1165 1092 1242 1154 prae·

181 1177 289 1242 sertim
322 1177 431 1240 melier
463 1175 628 1240 euewritas
660 1177 765 1250 λέξειν
797 1177 951 1252 tueaturrt
1003 1179 1110 1254 Adde,
1149 1179 1241 1260 quem

180 1282 281 1348 lecum
310 1301 329 1346 a
355 1281 440 1346 nullo
470 1281 651 1345 annotatum
677 1280 780 1358 video,
806 1282 838 1346 in
857 1284 1010 1368 Euripidis
1032 1283 1131 1367 Iphig.
1153 1283 1188 1346 Τ.
1212 1302 1240 1346 v.

182 1389 259 1450 1041
284 1386 480 1456 scribendum
502 1405 584 1450 esse:
622 1379 773 1454 Κιῖκεῑνσ
794 1389 909 1460 νιόιιν
932 1395 999 1472 (pro
1022 1390 1151 1465 νίψαι),
1180 1388 1241 1454 σοι]

181 1487 347 1580 θιγόντος
374 1487 439 1568 ὥς,
468 1492 541 1575 ἐρῶ.
590 1491 673 1556 Nam
693 1493 852 1576 perspieue
874 1495 931 1560 hoe
951 1495 1112 1579 Iphigenia
1133 1495 1186 1572 ait,
1207 1513 1242 1560 se

180 1599 342 1676 uernam,
371 1599 430 1664 hoe
451 1615 568 1682 quoque
590 1597 713 1680 signum
735 1616 769 1662 se
795 1593 969 1666 lavaturam
997 1619 1064 1666 esse
1092 1601 1241 1682 tanquam
1292 1617 1294 1623 ’

181 1708 265 1770 tantu
280 1703 400 1770 Orestis
421 1704 583 1787 pollutum,
605 1705 636 1766 et
656 1701 714 1768 hee
735 1705 885 1783 pretextu
905 1705 938 1770 id
959 1725 975 1770 e
996 1705 1114 1788 templo
1143 1705 1243 1770 elatu·
1307 1757 1310 1766 ι

180 1830 257 1876 ram.
301 1811 433 1876 Restant
455 1809 513 1874 duo
534 1808 610 1885 leci,
639 1809 717 1872 alter
737 1808 876 1892 AEsehyli
896 1809 935 1874 in
950 1811 1075 1896 Septem
1097 1814 1167 1886 428,
1191 1810 1244 1876 ubi

184 1917 284 1982 editur
307 1915 359 1992 (ds
382 1915 552 1997 Capane0):
601 1913 692 1978 Θεοῦ
719 1939 755 1980 τε
784 1911 850 2000 γάρ
879 1919 1046 1990 θέλοντος
1068 1921 1244 2002 ἐκπέρσειν

181 2016 284 2088 πόλιν
315 2022 386 2088 Καὶ
420 2015 471 2104 μή
504 2012 670 2092 θέλοντός
701 2045 804 2105 φησιν
837 2015 917 2088 ον’θέ
950 2047 1005 2088 νιν
1034 2018 1115 2096 Διός
1141 2019 1244 2108 Ἔριν

180 2129 270 2213 πέδῳ
294 2120 477 2211 σκήψασαν
499 2120 659 2208 ἐμποδών
688 2133 840 2212 σχεθεῖν,
874 2127 1017 2194 ediante
1043 2129 1098 2194 illa
1120 2130 1245 2212 copula·

132 2283 134 2290 .
182 2236 274 2300 tionis
296 2233 451 2316 pravitate
473 2237 636 2314 (πέρσειν,
665 2238 830 2316 σχεθεῖν),
859 2251 952 2316 quam
974 2253 1054 2316 saepe
1076 2235 1139 2298 iarn
1161 2235 1243 2300 note.

183 2339 264 2418 Quid
286 2337 444 2421 scripserit
464 2337 637 2421 AEsehylus‚
669 2337 839 2402 clarissime
860 2337 927 2419 ipse
956 2340 1104 2417 ostendit,
1134 2361 1162 2405 v.
1182 2340 1242 2402 469

182 2442 302 2510 Eteoeli
325 2442 427 2508 minas
449 2442 494 2508 sie
514 2444 708 2526 exprimens:
734 2438 777 2516 eir
794 2435 866 2508 ov'd'
882 2437 927 2507 ἄν
942 2441 1053 2528 Ἆρες
1069 2438 1246 2529 σφ”ἐιιβιί-

183 2553 235 2616 λοι
269 2545 527 2634 πυργωμάτων,
569 2545 600 2614 et
630 2549 790 2631 Euripides
822 2549 860 2612 de
893 2551 1000 2615 eodem
1029 2550 1166 2632 Capaneo
1200 2553 1245 2616 sie

183 2657 320 2722 scribens
352 2653 503 2720 Phoeniss.
527 2655 625 2718 1175:
658 2652 833 2739 ἐκόμπασε
855 2647 949 2738 Med
977 2650 1021 2720 ἄν
1048 2653 1086 2722 τό
1116 2652 1245 2740 σεμνὸν

184 2763 253 2844 πῦρ
279 2785 336 2826 νιν
362 2765 540 2845 εἰργαθεῖν
561 2752 642 2832 Διός
672 2784 701 2840 κ,
725 2786 756 2826 ν.
779 2761 810 2826 λ.
863 2761 935 2826 Fuit
959 2761 1069 2844 igitur:
1091 2755 1174 2838 ,οὐθ’
1200 2758 1244 2827 ἅν

184 2891 238 2932 νιν
264 2860 348 2938 Διός
368 2861 472 2948 Ἔριν
494 2911 501 2926 .
525 2911 534 2928 .
558 2909 565 2925 .
589 2873 736 2950 σχεθεῖν.
790 2867 880 2932 Alter
907 2870 955 2932 est
981 2867 1136 2950 Sophoclis
1157 2869 1244 2933 loeus

182 2973 215 3038 in
237 2973 334 3038 Aiace
355 2972 455 3034 1083:
505 2967 646 3054 Ταύτην
668 2965 788 3057 νόμιζε
806 2970 872 3056 τήν
895 2965 997 3038 πόλιν
1023 2967 1130 3058 χρόνῳ
1162 2978 1244 3038 ποτὲ

184 3071 247 3154 'Es
266 3071 391 3160 ον’ριόιν
415 3075 613 3161 θροιριοὺσαν
635 3084 669 3149 ἐς
689 3080 808 3164 βυθόν
829 3092 958 3156 πεσεῖν,
978 3079 1033 3143 ubi
1054 3097 1125 3143 aum
1146 3079 1245 3144 Wun-

183 3185 274 3250 derus
303 3183 451 3248 sensisset
481 3195 601 3248 πεσεῖν
628 3203 682 3266 pro
707 3185 809 3250 futuro
832 3185 904 3267 poni
935 3204 995 3250 nen
1022 3202 1125 3267 posse,
1153 3184 1246 3249 vertit

185 3287 388 3354 esei‘disse
415 3291 525 3370 puta,
556 3289 636 3372 quod
662 3292 694 3354 et
722 3293 936 3356 πεπτωκέναι
964 3290 1026 3354 dici
1054 3289 1186 3354 debebat
1215 3292 1247 3353 et

183 3396 335 3479 repugnat
355 3393 456 3458 verbis
478 3385 584 3480 χρόνῳ
607 3399 699 3460 ποτε.
745 3395 805 3460 Sed
827 3398 1000 3481 repugnant
1022 3396 1130 3460 eadem
1151 3397 1246 3460 vehe-

184 3503 306 3566 menter
331 3501 503 3564 Hermanni
535 3501 713 3578 sententiae,
745 3502 785 3567 ab
806 3502 953 3566 Elmsleio
982 3501 1034 3572 tad
1062 3501 1134 3566 Eur.
1162 3501 1245 3565 Med.

185 3605 259 3688 362)
283 3608 314 3669 et
331 3603 561 3686 Schneidewino
582 3607 727 3688 probatae,
750 3607 897 3671 aeristurn
919 3607 1001 3670 hune
1022 3623 1058 3670 ex
1080 3625 1114 3670 eo
1135 3623 1246 3688 genere

186 3731 268 3790 esse,
297 3730 371 3796 ques
393 3699 550 3796 guemiees
578 3711 749 3792 appellant3
781 3729 856 3794 ques
883 3713 995 3776 vellem
1024 3711 1166 3778 dixisset.
1193 3712 1246 3775 ubi

186 3817 337 3882 infinitivo
364 3815 454 3881 mede
481 3815 681 3898 repperisset;
713 3818 780 3882 tota
807 3819 887 3880 enim
916 3817 982 3880 haea
1010 3815 1110 3880 forma
1137 3834 1244 3879 narra·

187 3923 301 3988 tionem
332 3921 378 3988 rei
410 3923 557 4006 tanquam
585 3922 674 3985 saetae
704 3941 758 4004 pro
786 3921 939 3986 sententie
965 3921 1100 4004 generali
1126 3921 1241 3986 substi-

187 4029 274 4093 tuens
301 4031 394 4092 reetae
416 4026 561 4092 orationis
583 4026 706 4110 propria
733 4029 789 4092 est.
834 4026 1034 4092 scribendum
1056 4028 1104 4092 est
1125 4025 1246 4107 sintpli-
