3014 4666
625 307 685 364 Lib.
704 307 742 364 11.

251 505 281 597 ῆ
303 501 398 591 ζῶντ’
421 500 637 594 ἀτιμαστῆρα
658 507 723 580 τῆς
746 499 963 596 ἀνδρηλάτην

258 617 350 706 φσγῆ
372 611 435 681 τάν
455 607 564 681 αάτάν
585 606 685 696 stipis
708 612 871 680 τίσασθαι
894 609 1036 699 τρόπον.

258 723 309 790 Sic
339 722 424 788 enim
461 721 554 786 codex
586 719 745 786 Mediceus
777 721 809 785 iu
842 721 896 787 illo
941 722 1006 795 τώς
1043 721 1222 788 mendosus,

158 831 313 915 Apparet,
344 831 381 894 ut
411 829 444 892 in
473 847 502 895 v.
526 826 587 891 636
617 821 751 891 κτανών
773 833 900 892 θανεῖν
927 827 1160 912 coniunguntur,
1179 829 1225 894 sic

156 937 189 1000 in
217 936 277 999 637
304 933 600 1018 6616161616ζῶντα
631 931 725 1002 61166
759 952 865 1012 vocem
901 933 1084 1016 respondere
1112 933 1224 1000 debere

158 1043 300 1122 (virum
321 1040 431 1106 vivus
452 1038 567 1120 ipse);
592 1057 649 1104 nec
671 1039 773 1102 minus
795 1041 936 1123 apertum
958 1039 1006 1104 666
1026 1039 1108 1105 6616
1131 1045 1162 1106 66
1183 1041 1224 1108 ad

157 1147 343 1215 sententiam
380 1145 411 1210 66
443 1143 482 1208 cd
523 1144 670 1210 orationis
701 1144 845 1210 formam
867 1145 1024 1210 Nicoclem
1059 1147 1158 1212 solum
1192 1150 1226 1212 66

156 1249 374 1339 ἀτιμαστῆρα
409 1249 558 1333 appellari
590 1251 622 1314 et
653 1243 888 1336 ἀνδρηῆάτην,
922 1250 1031 1334 quibus
1064 1253 1225 1318 vocabulis

157 1360 211 1444 qui
232 1355 431 1441 comparandi
445 1355 631 1437 particulam
651 1357 851 1440 interponunt
872 1351 1086 1444 (σ’τιμαστῆρΙ
1102 1353 1227 1436 ὅπως),

158 1465 346 1532 6666666166
372 1461 541 1546 perimuni;
572 1481 669 1547 neque
697 1463 779 1528 enim
811 1464 968 1548 Polynices
999 1466 1155 1548 precatur,
1190 1466 1227 1528 ut
1348 1501 1352 1514 ·

37 1657 38 1660 Ἴ
158 1575 343 1655 tanquam
379 1562 594 1655 ἀτιμαστῆρα
631 1569 788 1634 Nicoclem
820 1570 1001 1648 ulciscatur,
1036 1569 1091 1635 sed
1120 1571 1155 1634 ut
1175 1569 1223 1654 ip-

158 1681 228 1742 su'm
256 1667 326 1757 deep
313 1675 470 1760 μαστῆρα
501 1695 601 1741 suum
649 1674 730 1739 Vera
757 1676 789 1739 et
820 1677 910 1740 acuta
937 1673 1091 1740 sententia
1113 1675 1172 1741 erit
1194 1677 1229 1740 66

156 1781 242 1867 recte
269 1779 419 1863 superiori
439 1779 638 1863 respondebrt
650 1781 799 1856 membro
818 1781 845 1846 si
867 1781 911 1847 sic
933 1779 1104 1846 certas1ma
1116 1799 1224 1846 emen

37 1895 39 1968 ξ
157 1861 283 1952 datione
329 1886 617 1971 scripserimusp
604 1877 751 1965 ζανά
793 1880 1008 1973 ἀτιμαστῆρα
1044 1887 1143 1960 σῆς
1158 1879 1226 1952 ἀν-

158 1983 372 2077 δρηλατης
407 1990 499 2080 φυγῇ
526 1984 589 2055 τάν
624 1985 733 2058 αὐτον
762 1983 867 2058 τσνδε
888 1993 1053 2059 τισασθαι
1084 1985 1227 2076 τρόπον,

156 2099 235 2163 Viuo
257 2096 434 2184 ignominia
455 2095 573 2162 auctori
599 2116 631 2163 se
658 2099 762 2164 uiuum
792 2099 873 2166 exilii
903 2101 934 2164 66
954 2099 1132 2184 ignominiae
1154 2118 1228 2164 auc-

37 2235 39 2308 3
158 2205 260 2269 terem
288 2202 352 2268 iore
377 2203 540 2287 Polynices
572 2204 665 2286 cupit.
714 2205 756 2270 Et
783 2205 847 2278 σῶς
872 2207 1022 2290 scriptum
1052 2205 1170 2288 reperio
1192 2207 1224 2270 in

158 2308 253 2373 tertia
280 2307 429 2373 Dindorfii
451 2309 582 2375 editione
604 2309 700 2392 (Lips.
724 2310 828 2391 1857),
856 2311 921 2378 sive
942 2311 1038 2396 ipsius
1060 2311 1125 2376 sivo
1129 2309 1225 2376 61166

160 2433 198 2478 66
220 2413 395 2478 emendatio
418 2397 479 2493 est;
504 2415 558 2481 sed
579 2415 678 2481 teneri
696 2416 810 2482 ueritas
831 2434 893 2483 nou
919 2417 1020 2499 potuit
1045 2416 1167 2527 tantum
1191 2435 1227 2480 ex

159 2519 290 2584 dimidia
309 2521 396 2602 parte
419 2521 555 2604 cognita

262 2623 329 2688 Ibd.
354 2625 434 2686 1047
456 2625 584 2696 fortasse
606 2625 699 2692 scribi
721 2626 827 2691 debet:
797 2604 966 2712 6”Ηιδη
996 2621 1038 2692 τά
1069 2618 1160 2692 τοῦδ’
1176 2618 1227 2690 ὅτ’

162 2723 224 2796 edo
245 2723 383 2816 ατίμητ
407 2753 483 2816 ην
486 2733 760 2808 6666611666,
793 2751 863 2797 uum
891 2733 982 2798 huius
1017 2751 1067 2797 res
1090 2733 1138 2798 dis
1167 2751 1227 2797 uon
1301 2817 1303 2822 Ι

37 2825 39 2898 i
159 2837 269 2902 inrisae
292 2854 350 2900 uec
372 2838 554 2922 contemptae
574 2840 669 2904 erant
711 2837 793 2921 Apte
814 2839 977 2922 respondet
997 2855 1114 2921 praeco.
1157 2837 1227 2902 Non

162 2949 250 3020 (sano
285 2941 392 3009 invisae
423 2943 576 3027 luerunt),
616 2943 796 3028 priusquam
833 2944 912 3010 hauc
950 2947 1065 3010 66666
1093 2943 1229 3028 periculo

163 3047 287 3114 obiecit.
332 3047 373 3112 lit
395 3047 433 3114 de
454 3045 521 3138 ᾔδη
542 3051 634 3116 verbo
654 3068 740 3132 paene
760 3049 888 3116 confido.
1041 3041 1043 3044 ’

263 3151 353 3218 Pers.
370 3155 448 3220 liu:
471 3155 610 3222 πίσυνοι
632 3151 857 3242 λσμτσδόμσις
872 3155 1035 3242 πείσμασι
1046 3147 1229 3240 λαοπόρσις

37 3253 39 3338 ξ
164 3285 201 3325 τε
227 3272 409 3346 μαχαναῖς.
462 3260 522 3341 Qui
554 3261 617 3326 sint
641 3263 787 3328 rudentes
823 3255 1030 3347 λεπτόδομοι
1068 3263 1121 3326 aut
1153 3280 1231 3344 quo-

37 3343 39 3428 1
164 3365 273 3444 modo,
307 3365 535 3456 quamvisuon
562 3385 631 3432 raro
652 3369 733 3450 apud
758 3369 894 3454 tragicos
921 3368 1099 3434 obscuretur
1131 3367 1232 3431 altera

165 3489 236 3553 pars
267 3470 423 3537 adiectiri·
443 3473 619 3556 compositi,
647 3473 830 3556 ¹uocabulum
861 3493 880 3539 6
908 3467 1013 3557 δόμος
1045 3473 1153 3538 fiotum
1189 3471 1230 3536 eu

165 3576 311 3642 rudentes
333 3579 558 3645 accommodari
578 3578 685 3662 possit,
710 3597 833 3661 prorsus
854 3597 917 3646 non
938 3579 1098 3663 intellegm
1130 3579 1230 3642 leu-

165 3678 315 3748 τότονα
338 3673 511 3768 πἐίσματα
535 3701 602 3769 quae
621 3686 734 3763 essent,
756 3685 985 3770 intellegerem,
1008 3685 1102 3816 etiam
1127 3686 1229 3749 irru-

166 3780 341 3874 τότσμα,
364 3807 381 3856 6
403 3791 484 3856 corio
504 3789 641 3856 16666666
662 3789 816 3857 subtiliter
838 3791 957 3878 secta

186 3939 191 3948 .
266 3889 334 3960 Ibd
359 3895 419 3958 173
439 3915 543 3976 66666,
573 3896 738 3998 equibus
744 3897 850 3980 chorus
865 3856 1032 3975 constat,
1038 3914 1071 3960 se
1094 3894 1133 3961 ad
1156 3893 1230 3959 obe-

168 3998 344 4065 dianium
335 4019 368 4065 ru
390 4002 542 4084 omuibus,
564 4021 631 4086 quae
652 3977 789 4086 possint,
791 3986 958 4085 promptei
985 4001 1159 4085 significant
1179 3997 1229 4064 his

168 4104 287 4171 uerbis:

984 4211 1029 4264 ra·
