2954 4664
617 249 675 304 Lib.
696 251 720 304 1.
1027 194 1031 200 Ι
1103 247 1158 310 159

26 501 28 540 ;
143 448 219 512 solvi
244 466 295 512 res
325 447 461 530 poterat;
495 397 566 510 nam
601 443 653 508 nbi
682 439 725 508 ἄν
755 445 931 510 addendum
963 444 1043 516 erat,
1083 443 1202 510 addidit

26 551 27 608 ἶ
142 553 305 630 interdum,
327 553 415 617 utin
438 549 650 632 Xenophontis
672 549 902 614 Hellenieerum
923 550 989 627 loeo
1011 543 1134 622 (οὐδέν’
1157 543 1202 614 ἂν

142 652 316 744 Ἑλλήνων
342 708 349 723 .
374 703 381 718 ·
406 705 413 720 .
439 651 786 738 σῖνὸραποδισθήναι),
816 655 891 720 alibi
913 655 1031 732 omisit,
1064 659 1102 720 ut*
1121 655 1202 744 apud

140 765 311 831 Diodorum
332 763 468 830 Siculum
488 761 553 836 XV,
577 761 613 822 51
647 754 909 848 (ὑπελάμβανον
931 755 1059 834 αὐτούς
1081 762 1201 845 ῥᾳδίας

141 865 208 936 end
237 871 305 934 τών
328 869 554 951 Σπαρτιατῶν
577 851 923 950 καταπολεμηθῆναι,
951 866 986 930 id
1006 869 1070 942 est,
1100 893 1201 934 ruru-

142 977 387 1059 πσλειιηθήναι
409 969 464 1050 ἄν)
487 973 519 1036 et
533 971 663 1034 Dionem
677 971 746 1035 Chr.
775 991 818 1036 or.
832 975 872 1034 74
894 975 981 1050 (tom.
994 973 1025 1036 ΙΙ
1040 993 1070 1054 p.
1082 973 1141 1034 397
1154 976 1198 1048 B:

141 1095 211 1156 τοῖς
234 1075 401 1164 φάσκουσι
423 1071 560 1162 μήποτε
584 1078 785 1167 καταλιπεῖν
813 1073 877 1160 σήν
898 1075 985 1160 πρός
1013 1103 1050 1144 σε
1073 1082 1200 1163 petiae,

139 1189 248 1264 idest,
279 1179 410 1270 μήποτ’
434 1181 530 1260 ἄπ’).
575 1182 713 1248 Eandem
740 1183 823 1248 viam
852 1183 1008 1266 ingressus
1031 1188 1079 1250 est
1100 1185 1201 1252 Sinte-

141 1295 235 1360 nisiua
257 1293 290 1356 in
311 1291 471 1356 Plutarchi
500 1287 625 1370 seriptis
652 1289 694 1366 (in
717 1289 790 1352 edit.
816 1289 1051 1366 Teubneriana),
1079 1290 1110 1352 in
1133 1291 1201 1356 eliis

141 1399 338 1481 scriptoribus
361 1395 429 1472 alii;
454 1395 608 1460 Gustatus
630 1394 762 1476 quidem·
777 1393 927 1480 Sauppius
950 1396 1056 1472 (1865)
1078 1395 1118 1459 ad
1139 1395 1201 1462 Xe·

141 1503 300 1588 nophentis
330 1501 418 1566 anab.
443 1501 470 1577 Ι,
492 1502 521 1578 2,
544 1503 573 1573 2,
599 1499 742 1566 restituto
773 1501 867 1564 reete.
884 1493 1120 1585 ὑποσχόμεναι
1146 1500 1199 1588 μή
1303 1535 1304 1540 1

141 1603 297 1694 πρόσθεν
325 1598 524 1672 παύσεσθαι
557 1623 611 1686 pro
631 1599 863 1684 παύσασθαι,
895 1606 1059 1685 Futurum,
1090 1608 1199 1691 inquit,

74 1765 78 1772 .
140 1717 186 1782 vix
207 1735 288 1780 unus
310 1713 389 1778 liber
409 1712 518 1788 habet,
557 1729 639 1774 nnnc
675 1711 779 1796 quivisv
799 1713 945 1793 postulat.
999 1713 1200 1795 Itaqueiam

140 1838 401 1905 supervacaneum
427 1815 524 1882 videri
545 1817 643 1898 possit
666 1815 703 1880 de
726 1817 783 1882 hue
798 1809 871 1882 ‘loeo
893 1836 1026 1899 quaerere
1049 1820 1080 1882 et
1101 1819 1200 1886 disse-

140 1948 214 1994 rere.
259 1925 320 1990 Sed
342 1925 486 2007 primum,
510 1921 589 2004 qnod
611 1923 748 2004 quemvis
769 1923 922 2003 pastinare
943 1922 1093 2006 Sauppius
1116 1927 1199 2004 dicit,

140 2055 196 2098 nun
218 2032 358 2116 postulat
378 2029 535 2093 Bekkerus
558 2026 590 2090 in
612 2027 756 2104 Hemeru,
779 2027 953 2111 Kruegerus
970 2030 1001 2094 et
1024 2029 1199 2098 Classenius

139 2141 169 2204 in
190 2117 386 2220 nhueyui'de
400 2137 450 2212 (ne
472 2133 653 2214 Herbstium
681 2133 795 2208 diuam)
826 2134 958 2198 multum
981 2135 1070 2200 abest
1090 2139 1125 2200 ut
1145 2157 1199 2218 pe-

140 2245 265 2320 stulent,
289 2240 404 2324 aliique
425 2239 458 2302 in
481 2237 559 2314 aliis,
582 2237 713 2320 ipsique,
736 2239 788 2320 qui
810 2235 967 2322 ποιήσειν
982 2241 1021 2304 'et
1044 2243 1199 2318 δέξεσθαι

134 2371 191 2434 pro
208 2337 352 2432 ποιήσαι
377 2347 409 2408 et
425 2342 587 2416 δέξασθαι
610 2346 775 2424 reponunt,
790 2345 967 2428 relinquunt
984 2347 1105 2430 aliquot
1125 2349 1202 2416 loeis

140 2456 304 2522 infinitivus
319 2448 425 2516 aoristi
440 2467 501 2514 non
517 2449 620 2512 minus
635 2448 771 2522 vitores,
794 2450 849 2514 sed
863 2431 1078 2528 festinantibus
1098 2455 1201 2520 minus

141 2561 304 2626 emendatu
324 2554 439 2631 fernes,
462 2553 514 2636 qui
534 2553 595 2618 loei
616 2554 762 2636 quamdiu
782 2555 891 2620 intacti
910 2560 1038 2632 restant,
1060 2578 1107 2624 res
1130 2579 1202 2624 een·

26 2685 51 2732 s
141 2668 218 2732 senta
247 2683 308 2728 non
339 2660 387 2724 est
413 2677 512 2741 neque
544 2659 658 2742 effugia
680 2660 835 2742 ‚praeclusa
863 2660 1201 2743 circumspectantibus,

142 2793 211 2837 eum
232 2764 405 2852 praesertim
431 2764 500 2845 ipsa
526 2781 617 2828 eausa
639 2784 657 2830 a
680 2764 804 2844 Cobete,
827 2785 917 2848 quem
938 2767 1002 2832 fare
1025 2772 1201 2851 sequuntur,

142 2937 337 2950 ....------

170 3016 192 3091 ι)’
210 3023 244 3078 In
279 3036 333 3074 nno
361 3013 474 3072 Diodori
502 3017 572 3071 libro
596 3019 661 3074 XIV
679 3021 790 3075 aoristru
812 3025 923 3086 sustulit
948 3025 982 3078 41
1008 3025 1200 3095 (portarentur),
1246 3039 1249 3044 ’

206 3115 244 3170 44
261 3111 514 3259 4ξιισιτσιιιτήσαινθαι
528 3112 716 3274 ’σὲσίζπσῒξζι
738 3131 808 3274 (gum
839 3110 993 3188 αὖξήσειν),
1010 3121 1069 3266 861
1102 3119 1201 3188 (δωρή-

209 3223 260 3259 σασ
285 3223 315 3258 αι
436 3222 556 3273 ποιήσασ
582 3225 638 3264 αι,
690 3244 696 3260 .
768 3209 961 3279 πρήσσεσθαι),
992 3215 1008 3267 9
1054 3217 1200 3280 (συγκατα-

208 3297 396 3368 κτήσασθαι),
426 3300 479 3352 110
503 3297 713 3366 (ποιήσασθαι),
750 3304 778 3354 et
801 3305 862 3372 post
884 3292 982 3369 ἐλπίζω
1008 3301 1119 3356 verbum
1145 3303 1202 3372 (eur

208 3391 259 3449 hoe
284 3405 402 3442 seorsum
428 3405 539 3458 ponam,
562 3393 625 3458 post
643 3391 791 3461 apparebit)
810 3397 844 3450 13
869 3396 991 3464 (πεῖσαι),
1005 3397 1051 3464 ,56
1070 3393 1202 3464 (ἐπισχεῖν

209 3483 381 3537 coniunctum
399 3493 459 3534 uum
478 3479 647 3550 ἐμφράξαν,
671 3488 743 3540 reete
761 3485 862 3540 facturn
881 3477 1110 3558 intemperatbi
1129 3490 1201 3556 (tiru-

209 3575 387 3646 νήξασθαι)
421 3571 528 3627 Ineuria
558 3574 682 3629 relietum
713 3580 754 3630 est
780 3579 842 3642 XV,
868 3581 885 3634 8
913 3579 998 3648 ἔφησε
1029 3585 1202 3652 συγχωρήσαι

209 3681 258 3738 pro
277 3663 472 3740 συγχωρήσειν.
516 3665 587 3720 Nam
611 3667 684 3732 XVI,
710 3672 752 3734 55,
780 3669 828 3724 nbi
851 3671 952 3725 editur:
986 3674 1200 3746 διεβιβαιώσατσ

211 3765 283 3828 πᾶν,
313 3756 337 3824 ὅ,
360 3779 388 3812 τι
406 3754 441 3812 ἂν
467 3757 579 3830 αἰτήσῃ,
611 3763 784 3828 χαρίσασθαι
813 3763 925 3818 fortasse
945 3764 1047 3819 ineerta
1073 3767 1131 3820 visa
1157 3769 1201 3821 eat

211 3853 355 3917 eurraatio,
391 3850 519 3918 quoniam
545 3853 702 3923 potentialis
728 3845 856 3910 orationis
882 3855 967 3910 forma
998 3862 1068 3923 (πᾶν
1096 3855 1131 3914 ἂν

214 3949 396 4015 χαρίσασθαι)
413 3963 508 4016 parurn
526 3949 589 4016 apta
607 3945 726 4011 videtum
746 3947 814 4002 mibi
827 3946 959 4002 Diodorus
974 3953 1140 4019 χαρίσασθαι
1152 3967 1199 4020 pru

213 4043 369 4106 χαριεῖσθαι
388 4055 440 4093 non
459 4039 587 4110 refugisse
605 4039 720 4093 videtur.
