2944 4660
634 246 693 302 Lib.
713 248 735 302 Ι.
1136 252 1175 316 13

144 461 246 526 neque
269 442 456 508 sententiam
467 460 577 524 resque
597 458 703 504 omnes
715 441 1106 531 autplerasqneintellegit
1120 467 1219 532 neque

144 567 271 614 omnem
286 547 432 614 orationis
447 547 567 612 motum
578 565 615 610 ac
631 563 670 610 ne
682 548 787 614 omnia
796 550 921 633 quidem
932 553 1026 618 verba
1039 554 1218 620 verborum-

145 675 204 737 que
227 655 361 731 formas,
391 654 437 730 is,
468 651 592 718 etiamsi
615 651 682 716 vult
700 652 767 716 sole
797 656 885 720 oculo
914 657 990 722 duee
1017 659 1072 734 uti,
1100 661 1217 738 tamen,

145 761 220 844 quia
238 759 380 842 quadam
392 757 548 842 intellegit
563 758 596 820 et
611 756 741 824 sedasse
757 760 901 843 pleraque
917 762 1042 844 (saltem
1057 782 1093 828 aa
1114 764 1216 847 aliqua

145 866 248 949 parte)
260 866 293 928 et
304 864 376 947 quia
387 865 598 948 conquiescere
615 867 736 932 animus
747 867 854 949 nequit
868 885 967 948 neque
982 869 1021 932 ab
1042 885 1086 946 eo,
1108 869 1139 934 in
1156 889 1217 954 qno

144 972 237 1035 homo
275 970 477 1034 cummaxime
492 976 686 1062 joccupatum
709 972 831 1050 abduci,
865 972 990 1042 oculum
1016 973 1049 1036 in
1083 975 1213 1058 singulis

144 1076 428 1142 litterlscontinere
440 1095 501 1140 non
514 1079 617 1158 potest
631 1077 675 1152 (iu
687 1078 797 1159 quibus
806 1077 882 1159 ipsis
895 1078 1046 1142 sententia
1062 1099 1121 1144 non
1132 1099 1217 1148 com·

144 1183 306 1264 prehensis
313 1182 609 1265 memorabiliter),
624 1183 888 1260 sedverborumet
899 1184 1119 1248 sententiarum
1128 1187 1216 1252 vanis

143 1287 319 1352 simulacris
331 1289 363 1351 et
374 1281 589 1370 pacatarum
607 1289 725 1354 luditur
733 1289 766 1354 et
779 1289 931 1372 imagines
945 1291 1106 1354 verborum
1120 1291 1216 1374 prius,

144 1413 238 1476 quam
267 1393 388 1458 litteras
414 1412 519 1458 omnes
535 1395 698 1477 perspexit,
721 1394 824 1460 animo
850 1396 1011 1476 conceptas
1027 1396 1067 1460 ad
1085 1415 1214 1462 manum

142 1499 301 1564 transfert.
348 1497 450 1580 Atque
471 1499 537 1562 hac
553 1499 612 1564 trit
631 1501 662 1563 et
686 1499 839 1564 interieris
854 1500 1093 1584 Byzantinosque
1114 1502 1216 1570 aetats

144 1605 323 1670 Graecorum
348 1603 551 1681 librariorum,
574 1624 645 1670 cum
663 1608 801 1670 veterum
814 1605 996 1686 scriptorum
1010 1625 1110 1688 opera,
1134 1628 1214 1690 prse-

141 1711 252 1774 sertim
268 1709 404 1774 oratione
419 1710 451 1772 et
465 1709 557 1790 rebus
569 1710 750 1788 difficilium,
762 1711 801 1774 iis
812 1712 1067 1794 proponebantur,
1080 1714 1216 1780 condicio

141 1819 173 1880 et
190 1816 292 1878 multo
308 1816 409 1898 mame
430 1815 593 1880 hominum
616 1815 778 1892 Italorum,
799 1814 967 1892 Gallorum,
990 1816 1214 1886 Germanorum

140 1925 211 2004 post
230 1922 387 1986 sublatam
399 1937 523 2003 prorsus
537 1940 573 1986 ex
584 1921 744 1986 hominum
758 1941 817 1986 usn
827 1922 971 1988 batuam
983 1922 1138 2006 linguam3
1153 1925 1214 1988 ita-

140 2047 199 2110 que
223 2026 304 2109 quod
321 2026 422 2090 multo
444 2027 643 2108 propinquior
663 2027 769 2092 brnen
790 2027 822 2090 et
842 2026 1022 2094 familiarior
1042 2028 1214 2112 Byzantina

138 2132 261 2198 homiui
272 2151 327 2213 pro
336 2131 401 2196 eius
414 2132 561 2214 temperis
574 2135 667 2214 captu
679 2131 792 2196 litteris
808 2132 925 2198 imbuto
939 2133 1118 2202 occurrebat
1127 2137 1214 2200 vete·

138 2240 182 2304 ris
194 2238 349 2305 sermonis
365 2237 591 2319 Graeoispecies
604 2257 695 2319 quam
707 2237 811 2302 Latini
831 2238 987 2315 monacho,
1009 2239 1112 2304 uthoo
1133 2241 1213 2328 utar,

138 2345 232 2410 Gallo
242 2343 435 2408 Germanove
446 2342 518 2408 noni
525 2343 580 2406 aut
587 2343 701 2410 decimi
707 2343 812 2420 secui,
825 2344 965 2426 quamvis
979 2343 1042 2408 sint
1053 2344 1209 2426 depranat‘

138 2450 244 2516 araci
265 2447 406 2524 codices,
438 2450 545 2513 tamen
567 2451 723 2531 nuhquam
751 2467 847 2532 usque
874 2449 914 2512 ad
941 2467 1009 2512 sam
1038 2449 1212 2516 bubonem

136 2556 301 2620 verborum
322 2554 353 2617 et
374 2554 544 2618 formarum
564 2558 596 2620 et
617 2554 657 2618 ad
679 2573 716 2618 ea
731 2554 871 2618 monstra
884 2553 1049 2618 deventum
1063 2557 1120 2633 est,
1143 2577 1210 2639 quae

135 2663 168 2726 in
189 2661 312 2725 Latinis
335 2679 416 2742 saepe
438 2661 631 2736 obiiciantur,
654 2679 726 2724 cum
748 2659 828 2724 inira
846 2660 1065 2742 palimpsestos
1086 2663 1118 2724 et
1133 2680 1210 2742 pau-

136 2766 289 2842 cissimos,
301 2767 353 2847 qui
375 2784 411 2832 ex
431 2763 533 2831 seculo
549 2767 654 2848 quinto
668 2765 863 2848 proximoque
885 2767 1058 2850 supersunt,
1081 2765 1210 2835 descen-

135 2871 277 2948 dimus).
323 2873 424 2955 Atque
435 2873 501 2938 haec
514 2871 669 2937 memoria
682 2871 713 2934 et
727 2869 922 2954 cogitationis
932 2874 1068 2950 obscurae
1084 2877 1208 2938 oculum

133 2978 353 3058 praecurrentis
376 2979 408 3046 et
433 2977 612 3059 decipientis
633 2981 665 3042 et
690 2977 876 3042 scribentem
898 2979 938 3044 ad
952 2983 1024 3046 nota
1045 2984 1077 3046 et
1093 2982 1209 3046 usitata

134 3194 339 3202 ——..

212 3324 328 3379 Exstant
351 3326 384 3380 de
412 3326 504 3380 eadem
527 3343 556 3380 re
581 3327 714 3382 Martialis
738 3331 768 3382 et
791 3327 874 3384 Gellii
903 3287 1029 3400 querela,
1054 3333 1087 3386 de
1106 3332 1206 3404 Gracia

213 3414 311 3470 (taleni
328 3421 357 3472 et
374 3419 497 3474 aliorum.

152 3519 177 3586 ²)
208 3520 268 3575 Hoc
286 3521 431 3577 discrimen
450 3522 602 3578 Graecorum
620 3527 649 3579 et
665 3525 825 3578 Latinorum
842 3526 963 3580 codicum
980 3530 1059 3597 quale
1078 3531 1123 3594 sit,
1143 3547 1204 3599 per·
1264 3517 1267 3521 ’

206 3614 317 3682 epiciet,
345 3615 394 3684 qui
417 3616 501 3684 (quod
523 3617 738 3672 adolescentibus
756 3617 903 3686 philologis
921 3620 1018 3674 suadeo
1041 3625 1074 3676 ut
1091 3621 1203 3687 faciant)

205 3704 312 3772 aliquot
341 3709 455 3776 paginas
483 3709 607 3764 Platonis
633 3709 678 3776 sic,
701 3710 778 3764 nulla
801 3711 895 3766 littera
922 3716 1036 3782 mutata,
1057 3714 1204 3785 descriptas

205 3796 317 3866 legerit,
338 3802 431 3869 quales
450 3801 559 3854 suntin
578 3802 668 3857 codice
687 3801 830 3857 Oxoniensi
848 3808 896 3858 aut
914 3806 1036 3860 Parisino
1055 3807 1087 3868 A.
1107 3807 1203 3862 deinde

208 3889 280 3943 idern
299 3893 510 3962 experimentum
529 3895 699 3949 transtulerit
717 3895 751 3950 ad
770 3895 916 3960 Ciceronis,
945 3901 977 3950 ut
995 3897 1045 3951 hoc
1062 3901 1135 3963 utar,
1158 3915 1201 3952 co·

207 3979 293 4036 dicem
315 3983 477 4039 Vaticanum
499 3985 714 4055 Philippicarum
737 3991 787 4043 aut
803 3990 890 4060 magis
909 3991 990 4044 etiam
1010 3989 1043 4044 ad
1059 3989 1130 4043 Livii
1146 3989 1200 4043 Pu·
1238 4032 1240 4041 ,

205 4075 332 4128 teaneum
350 4079 398 4131 aut
415 4075 659 4138 vindobonensem.
