2954 4664
614 277 672 332 Lib.
691 277 714 332 1.
1095 279 1152 340 147

134 477 189 550 dit,
213 477 293 559 quod
315 495 406 540 nemo
418 477 601 560 Pythagorae
616 474 760 540 morienti
781 481 835 544 aut
856 479 924 562 post
945 480 1077 544 mortem
1098 477 1196 544 hono·

135 601 200 646 rem
222 582 369 646 habitum
396 581 619 646 aCrotoniatis
648 581 788 655 tradidit,
824 583 878 652 sed
909 593 979 652 eum
1012 585 1066 648 aut
1093 585 1131 648 ab
1158 585 1196 650 iis

132 688 271 754 occisum
308 689 362 751 aut
399 687 471 752 inde
512 688 627 771 fugisse
659 687 891 770 Metapontique
928 691 1084 754 mortuum
1121 709 1196 756 esse.

135 795 243 876 ltaque
267 793 342 856 nihil
367 795 477 858 certius
499 796 581 858 esset
603 812 694 874 quarn
706 793 935 874 Metapontinos
957 793 1007 858 hic
1029 814 1099 859 oum
1122 795 1197 860 Cro·

135 897 261 962 boniatis
278 899 451 964 coniunctos
465 900 569 973 fnisse,
593 898 716 962 etiarnsi
730 915 789 962 non
805 899 918 980 apertis
932 901 1032 966 verbis
1045 902 1197 986 Diogenes

135 1004 238 1090 Laert.
260 1004 347 1084 vlu,
372 1005 410 1067 15
434 1007 498 1081 (cfr.
524 1007 575 1080 40)
601 1006 632 1070 et
653 1004 789 1068 lustinus
810 1004 879 1078 XX,
903 1007 933 1078 4,
959 1005 995 1068 18
1017 1007 1118 1088 ipsum
1140 1009 1198 1072 hoc

135 1107 172 1172 de
194 1109 379 1192 Pythagorae
403 1110 492 1174 domo
511 1111 543 1177 in
565 1109 733 1174 sacrarium
755 1109 874 1174 Cereris
900 1129 1047 1177 conversa
1071 1113 1110 1176 ad
1131 1113 1198 1178 Me-

136 1215 313 1310 tapontinos
341 1216 496 1280 referrent.
549 1215 719 1296 scripserat
748 1214 843 1297 igitur
869 1215 1027 1280 Valerius:
1073 1217 1198 1280 Eniro

135 1319 373 1384 Crotoniatae
417 1322 643 1385 studio...
681 1321 899 1402 pateretur,
939 1321 1199 1402 opulentissi-

137 1435 279 1508 maque
309 1425 450 1490 civitas
478 1425 688 1512 Metapontini
720 1426 894 1490 venerati
924 1429 1199 1508 postmortem

138 1530 897 1596 domumOererissacrariumfecerunt.
932 1530 1199 1610 Quoniamautem

137 1637 200 1700 haeo
223 1636 397 1720 emendafio
421 1638 507 1702 omni
535 1635 718 1702 dubitationi
742 1639 882 1720 exempta
910 1639 971 1712 est,
1003 1637 1035 1701 in
1057 1638 1199 1703 hocloco

20 1799 21 1802 ,
138 1745 171 1804 ut
191 1743 223 1805 in
243 1743 380 1822 proximo
402 1743 486 1806 etin
509 1743 626 1825 aliquot
641 1742 846 1824 superioribus
868 1741 1073 1808 animadverti
1095 1743 1199 1816 velim,

20 1863 21 1892 ³
137 1867 207 1912 oum
233 1847 330 1912 semel
344 1866 363 1910 a
377 1849 497 1924 nomino
512 1849 632 1932 proprio
648 1850 823 1914 aberratum
842 1851 934 1922 esset,
958 1868 1050 1930 quam
1071 1849 1200 1915 licenter

20 1981 22 2026 2
138 1951 247 2018 litterae
262 1951 303 2016 ad
319 1953 464 2019 vocabula
479 1954 663 2037 appellativa
678 1951 840 2020 efficienda
853 1955 980 2022 mutatae
1003 1954 1074 2018 sint.
1117 1955 1147 2020 N
1149 1975 1200 2020 arn

20 2039 21 2078 ³
86 2123 89 2128 ,
138 2077 174 2121 ex
194 2057 303 2122 Meta
324 2061 465 2140 superest
485 2061 539 2136 ta,
562 2057 770 2140 sipontini
792 2059 914 2122 tantum
936 2060 986 2122 nt

237 2163 413 2242 (XXXVII)
426 2163 517 2247 Apud
530 2161 666 2228 Plinium
683 2165 754 2230 hist.
770 2165 833 2228 nat.
848 2164 887 2238 ΙΙ,
912 2166 973 2225 224
986 2169 1201 2232 enumerantur

139 2267 232 2340 fluvii,
245 2288 374 2350 quorum
385 2289 470 2352 aquae
481 2271 615 2344 lacuum,
629 2288 702 2352 quos
712 2269 885 2342 transirent,
898 2288 993 2352 aquas
1004 2289 1198 2352 supermeare

140 2391 192 2436 nec
213 2375 252 2438 iis
274 2375 399 2439 misceri
419 2375 635 2452 credebantur,
668 2375 718 2438 his
747 2375 864 2439 verbis:
909 2375 1090 2454 Quaedam
1112 2395 1200 2441 vero

141 2480 179 2542 et
200 2479 335 2544 dulces
367 2483 498 2564 (aquae)
525 2482 631 2545 inter
658 2499 698 2544 so
726 2481 980 2562 supermeant
1008 2481 1130 2552 alias,
1160 2483 1201 2545 ut
1327 2475 1331 2482 ’

20 2613 21 2618 1
138 2583 176 2652 in
197 2585 344 2650 Fucino
366 2588 454 2667 lacu
478 2587 659 2650 invectus
679 2586 824 2659 amnis,
855 2587 895 2648 in
917 2585 1031 2648 Lario
1055 2585 1200 2664 Addua,

139 2689 175 2752 in
198 2691 400 2754 Verbauno
428 2691 599 2762 Ticinus,
631 2692 667 2754 in
695 2692 843 2776 Benaco
865 2689 1042 2780 Mincius,
1075 2692 1113 2754 in
1136 2691 1200 2756 Se·

141 2795 254 2860 hinnu
277 2795 422 2870 Ollius,
450 2797 486 2860 in
508 2797 696 2860 Lemanno
716 2797 935 2872 Rhodanus,
958 2789 1015 2860 ce't.
1058 2796 1106 2860 Ibi
1127 2797 1201 2880 quin

141 2902 300 2986 proprium
309 2901 374 2966 eius
387 2902 608 2984 quoquefluvii,
631 2902 684 2984 qui
696 2901 811 2966 Fucino
822 2901 904 2966 lacui
914 2901 1076 2965 invehatur
1087 2903 1118 2966 et
1129 2920 1201 2966 eum

139 3007 324 3089 supermeat,
346 3026 456 3071 nomen
468 3006 602 3089 positum
613 3007 712 3082 brerit,
728 3025 787 3070 non
797 3008 888 3071 inane
900 3009 932 3072 et
946 3027 965 3072 a
979 3005 1201 3073 constructione

138 3112 186 3190 (in
214 3112 357 3176 Fucino
386 3113 483 3188 lac-u)
514 3113 647 3214 alienum
675 3112 889 3194 participium,
917 3112 1043 3176 dubium
1063 3130 1123 3176 non
1145 3115 1201 3188 est,

142 3219 197 3281 etsi
226 3236 245 3280 a
271 3218 354 3282 nullo
377 3217 555 3282 annotatum
582 3217 684 3292 rideo;
714 3217 767 3282 sed
793 3219 874 3302 quod
899 3217 932 3282 id
960 3236 1071 3283 nomen
1098 3217 1199 3292 fuerit,

142 3323 166 3386 si
185 3325 293 3386 tamen
321 3322 470 3386 traditum
497 3323 627 3404 usquam
655 3323 717 3396 est,
750 3322 788 3386 iis
816 3322 952 3406 relinquo
978 3307 1199 3406 reperiendum,

143 3429 192 3509 qni
207 3427 387 3510 Apenninos
409 3431 440 3492 et
460 3433 540 3492 rivos
562 3427 758 3510 fluviolosque
779 3429 848 3492 inde
869 3429 901 3494 in
922 3429 1072 3492 Fucinum
1094 3428 1202 3494 decur-

140 3535 241 3596 rentes
264 3533 375 3596 melius
396 3536 507 3600 norunt
528 3552 620 3616 quam
643 3551 707 3617 ego.
894 3585 897 3598 .
1029 3537 1031 3544 ’

242 3637 434 3718 (XXXVIII)
463 3639 570 3706 Tacito
591 3639 623 3703 in
644 3639 794 3726 Agricolae
821 3660 847 3704 c.
871 3641 909 3700 24
932 3637 1061 3722 insignis
1087 3637 1120 3702 in
1143 3637 1202 3703 hoc

142 3762 254 3825 genere
278 3745 309 3806 et
331 3763 400 3808 curn
422 3744 550 3839 historia
572 3745 733 3812 coniuncta
755 3745 932 3810 adhibenda
954 3744 1128 3810 emendatio
1155 3745 1203 3808 est

144 3847 555 3915 Scribiturenimibisio:
612 3841 1072 3934 Quintoexpeditionum
1107 3870 1200 3915 anno
1337 3855 1339 3860 '

144 3963 237 4018 nare
265 3955 389 4038 prima
420 3959 688 4040 transgressus
721 3956 876 4038 ignotas
909 3957 953 4020 ad
984 3956 1026 4020 id
1053 3957 1201 4038 tempus

145 4063 280 4143 gentes
304 4062 449 4126 crebris
471 4062 640 4126 simulac
659 4063 852 4144 prosperis
873 4061 1018 4146 proeliis
1042 4051 1201 4134 domuit}

961 4167 1005 4220 ro·
