3000 4668
316 309 377 372 308
740 305 800 361 Lib.
818 305 869 362 111.

275 508 402 576 consilio
431 525 529 590 queve
559 505 744 572 necessitate
771 503 819 568 his
847 503 963 570 duobus
991 505 1068 570 locis
1102 503 1264 586 Euripides
1286 521 1341 566 no-

272 615 367 680 luerit
386 614 561 697 legitimum
580 609 735 693 participii
758 627 864 674 casum
887 609 1215 693 appositioneaddere,
1239 607 1341 672 versui

274 737 360 802 aeque
383 722 490 802 apium
513 709 593 801 ιμ’».
616 765 625 780 .
649 767 656 783 .
680 707 909 800 ἐννοούμενον
930 718 962 782 st
982 709 1020 801 μ’
1042 763 1051 780 .
1076 763 1084 780 .
1108 763 1114 776 .
1136 715 1339 800 μολοῦσανλς

271 826 376 910 itaque
397 825 429 890 in
451 822 571 888 Medea
597 822 663 886 loco
694 823 775 893 reete
803 822 975 886 Meiuekius
1003 823 1036 886 et
1056 821 1232 896 Diodorfius
1254 811 1341 902 μού-

274 931 413 1013 σὴλθεν
434 928 635 1010 scripserunt,
663 926 696 990 id
722 929 770 992 est
798 951 860 1010 μοι
889 929 1054 1012 ἐπῆλθεν,
1076 928 1108 991 et
1128 927 1160 990 iu
1182 923 1342 1008 Iphigenia

272 1031 453 1120 perideus
485 1033 678 1098 scribendum
710 1031 775 1106 est,
812 1032 930 1117 duabus
959 1033 1122 1116 postremis
1151 1031 1277 1114 syllabis
1307 1030 1340 1093 in

272 1159 366 1208 unam
402 1140 559 1206 conflatis.
624 1139 782 1214 (Dativum
827 1139 906 1222 opud
961 1141 1173 1224 εἰσέρχεσθον
1216 1138 1342 1202 tuentur

273 1247 437 1323 Herodoti,
480 1243 658 1327 Sophoclis,
698 1243 835 1308 Platonis
870 1245 954 1322 loci.)
1007 1245 1098 1328 hpud
1132 1241 1341 1326 Thucydidem

273 1351 377 1418 'autem
410 1370 449 1418 ne
485 1358 602 1435 ἔχοντα
636 1349 761 1432 quidem
792 1367 917 1431 prorsus
951 1351 1058 1431 aptum
1091 1351 1154 1426 est',
1185 1347 1340 1431 quoniam,

270 1460 497 1538 utrumcunque
522 1455 678 1538 participii
706 1473 811 1520 casum
837 1455 993 1536 posueris,
1021 1453 1169 1520 eupharii
1187 1457 1341 1536 ponuntur

271 1564 339 1644 ipse
361 1562 503 1627 Aristeus
534 1564 568 1626 et
587 1560 816 1637 Calchidenses,
840 1561 876 1624 ut
898 1553 1004 1626 αὐτόν
1031 1565 1096 1642 μὲν
1118 1607 1127 1624 .
1153 1607 1160 1625 .
1185 1607 1192 1624 .
1222 1566 1339 1644 ἔχοντα

271 1663 465 1736 scribendum
492 1667 632 1732 videatur
668 1666 776 1741 fuisse3
810 1685 890 1730 nunc
917 1667 1065 1732 exercitus
1094 1650 1240 1732 exercitui
1269 1683 1341 1730 cou-

270 1774 384 1838 trorius
404 1771 535 1853 ponitur.
588 1773 697 1853 Itaque
725 1771 863 1852 suspicor
883 1772 1080 1853 perticipium
1108 1771 1248 1837 additum
1273 1788 1341 1834 esse

271 1881 309 1944 ab
337 1879 452 1961 aliquo,
480 1877 533 1960 qui
558 1895 618 1940 non
648 1875 724 1939 satis
747 1876 887 1940 adhunc
914 1877 1059 1942 orationis
1084 1877 1215 1943 formam
1238 1877 1340 1940 atten-

271 1985 380 2074 deret,¹
408 1982 679 2066 Thucydidemque
705 1983 829 2046 tantum
851 1964 1024 2065 scripsisse:
1051 1974 1096 2066 ἦν
1118 1984 1152 2050 δὲ
1175 1977 1195 2066 ἡ
1221 1977 1340 2069 γνώμη

271 2084 480 2175 ’Apronium‘
502 2086 540 2154 τό
574 2091 640 2172 μὲν
670 2081 756 2170 μεθ’
792 2089 915 2153 saccos
946 2081 1179 2172 στρατόπεδον
1218 2095 1254 2152 ἐν
1296 2087 1340 2172 σῷ

267 2197 388 2281 ἰσθμῷ
412 2201 599 2278 ἐπιτηρεῖν,
632 2218 660 2258 κ.
690 2220 719 2260 τ.
744 2196 772 2259 λ.
797 2195 858 2264 (ΒΘ
880 2193 1165 2276 interpolationibus
1188 2195 1340 2260 similibus

268 2303 331 2368 vid.
351 2302 393 2368 ud
414 2299 473 2376 Ill,
498 2301 547 2377 12,
570 2301 611 2376 2).

369 2407 436 2476 lbd,
461 2406 529 2480 105,
553 2407 591 2468 δε
619 2399 748 2489 ἡμέρας
780 2400 924 2486 ὕστερον
952 2397 1080 2470 δώδεκα
1111 2399 1261 2488 ,οσῖλισσο
1285 2407 1337 2470 ἐλ-

269 2497 404 2584 θόντες.
448 2511 531 2577 Usus
557 2510 706 2576 sermonis
729 2512 874 2576 constans
895 2504 1070 2594 ἡμέροις
1090 2513 1235 2595 postulat.

313 2631 319 2642 ·
368 2619 433 2683 Ihd.
463 2618 539 2690 120,
567 2617 586 2678 2
617 2615 659 2693 (in
690 2614 826 2680 oratione
853 2616 1079 2684 Corinthiorum
1097 2616 1188 2698 ‘apud
1211 2616 1334 2694 socios):

267 2717 367 2808 ἡμῶν
397 2715 425 2787 ‹i'
453 2718 526 2786 ὅσοι
553 2724 618 2804 μὲν
646 2713 860 2801 Ἀθηναίοις,
884 2718 951 2806 ἤδη
974 2716 1228 2808 ἐνηλλάγησαν,
1260 2713 1332 2806 οὐχὶ

268 2827 405 2912 διδαχῆς
427 2825 560 2892 dionaeo
584 2823 669 2891 ὥστε
691 2821 911 2908 φυλάξασθαι
935 2821 1072 2901 αὐτούς.
1121 2828 1236 2894 Omnes
1260 2845 1334 2892 oon·

265 2935 401 3007 fitentur,
423 2951 575 3014 nusquam
605 2931 679 2996 alibi
701 2927 970 2998 ἐναλλάτσεεθαι
995 2935 1089 3016 (quod
1108 2937 1157 3000 est
1179 2935 1333 3012 mutari)

266 3059 336 3106 cum
359 3038 461 3104 dativo
482 3038 616 3120 reperiri,
639 3038 675 3100 ut
694 3039 1033 3124 sitruvuui'uysruuoi
1056 3029 1200 3122 ἀμελεῖν,
1224 3059 1334 3123 quem-

266 3144 433 3210 admodum
456 3142 635 3207 scholiastes
663 3144 799 3220 euarrat,
827 3163 883 3208 uec
910 3146 1075 3229 quicquam
1103 3148 1143 3211 ad
1164 3146 1334 3231 novitatem

265 3250 496 3334 significationis
510 3246 931 3314 excusandamleniendamve
943 3251 1085 3319 afferunt.
1107 3238 1173 3318 Aut
1186 3254 1333 3336 συνηλ-

267 3349 455 3441 λάνησαν
494 3353 690 3420 scribendum
722 3356 899 3438 (quomodo
921 3351 1165 3424 συναλλάττειν
1197 3360 1333 3424 activum

264 3461 457 3526 intransitive
489 3460 617 3554 dicitur,
646 3480 706 3526 uon
740 3461 778 3526 de
807 3462 1006 3528 reconciliato
1031 3465 1148 3546 gratio,
1185 3465 1240 3529 sed
1277 3483 1332 3547 pro

253 3561 427 3652 ’ὁμιλεῑν,
446 3567 528 3648 opud
560 3567 650 3650 Soph.
679 3567 726 3630 (Ε.
754 3587 778 3631 r.
796 3551 908 3645 '1110,
944 3569 1090 3652 liuripid.v
1114 3571 1267 3635 Heraclid.
1301 3575 1331 3648 4,

264 3673 424 3738 Demosth
451 3671 567 3750 XXIV,
593 3672 662 3745 192)
692 3675 746 3735 aut
773 3674 876 3754 potins
899 3681 941 3739 ἐν
963 3669 1125 3762 α’λλανῄ
1149 3668 1272 3760 ἦσαν,
1299 3678 1337 3763 iu

264 3777 445 3844 commercio
467 3777 598 3842 fuerunt
608 3777 634 3854 ¹)

293 3941 314 4002 ²}
333 3943 356 4004 I,
376 3945 434 4004 lau,
448 3944 545 3996 drocte
556 3911 776 3996 Hemsterhusius
785 3943 889 3998 Polluci
901 3945 1104 4032 obtemperavit,
1125 3944 1196 4015 ἁγνὰ
1214 3945 1330 4016 θύματα

335 4033 405 4102 apud
424 4033 606 4104 Thucydidem
625 4034 705 4088 scribi
729 4038 857 4102 testanti,
882 4039 928 4092 sed
954 4038 1061 4093 videtur
1078 4037 1161 4092 fuisse
1179 4036 1236 4093 ἀλλ’
1259 4035 1330 4108 ἁγνὰ

334 4125 457 4193 θύματα.

1489 721 1492 838 1
