2954 4664
300 307 358 370 128
737 309 796 364 uie.
816 313 837 365 1.

254 507 364 602 fecisse
385 493 467 572 'inea
480 528 525 598 re,
545 513 652 575 verum
667 511 824 591 cuiquem
839 505 964 574 familiae
981 508 1169 591 praefuisse“.
1211 509 1320 592 Itaque

255 621 378 694 prorsus
408 615 538 679 ercenffi
571 618 644 684 sunt
676 613 815 688 infelices
849 609 952 692 eorum
981 615 1127 704 'conaus
1165 613 1217 696 qul
1253 614 1319 681 hece

254 719 480 800 trunsponendo
509 721 657 786 divellere
685 699 857 784 voluerunt
900 717 961 784 Sed
987 721 1023 794 ut
1049 719 1169 784 dicatur
1190 718 1319 784 Latine:

256 809 665 892 servili‘muner'eeme
692 824 818 890 offero
849 824 894 888 ed
923 825 1074 908 eliquit
1099 823 1329 916 facientum„

255 949 311 1012 pro
334 927 378 1004 eo,
401 931 481 1014 quod
503 933 568 1014 est:¹
588 931 634 995 ad
655 929 803 996 servile
823 948 957 994 munus
982 929 1134 1010 (servili
1154 927 1318 1005 muneri)

254 1020 316 1101 me⁸
333 1036 469 1111 offero,
491 1037 596 1100 temen
609 1035 712 1116 Cicero
730 1054 888 1116 nunquam
905 1035 1041 1102 dicturus
1054 1038 1120 1100 erat
1132 1034 1320 1100 senatorium

136 1159 139 1163 ·
256 1143 288 1206 et
321 1141 497 1224 praetorium
530 1141 697 1215 hominem,
729 1159 819 1222 quem
848 1140 1041 1220 defenderet,
1070 1141 1180 1207 servile
1206 1159 1320 1205 munus
1449 1192 1455 1198 .

256 1233 552 1312 subisse'scillcet¹
574 1246 677 1312 Cicero
699 1245 876 1327 scripserat:
920 1246 993 1312 Sed
1014 1247 1141 1313 temen
1162 1264 1320 1310 munere

255 1351 400 1416 Servili*
425 1353 571 1416 obtulit
597 1339 642 1418 ¹se
664 1352 724 1416 cet.
749 1391 755 1404 ψ
781 1351 1053 1416 Familia.Fausto
1080 1353 1185 1434 empta
1220 1351 1322 1416 locata

255 1458 355 1521 fuerat
366 1455 493 1521 Servilio
514 1458 615 1544 nescio
637 1458 686 1522 eui
706 1451 818 1520 mu'nus
841 1455 946 1521 eodem
969 1459 1107 1540 tempore
1129 1457 1230 1532 danti3
1251 1459 1321 1522 tum

256 1561 343 1627 sulla
365 1545 519 1626 obtulerat
545 1582 579 1626 se
606 1561 645 1626 ad
673 1561 860 1626 ferramenta
885 1549 1105 1646 prospicienda.
1151 1562 1320 1639 (Munere

256 1659 416 1732 Seruilii
438 1668 502 1732 sine
529 1667 745 1751 praepositione
767 1665 879 1731 dicitur
900 1669 985 1731 noto=
999 1685 1071 1744 usu3
1100 1667 1160 1731 vid.
1183 1685 1228 1750 gr.
1250 1663 1319 1732 Lat.

255 1773 355 1856 pere
378 1794 408 1838 n.
432 1775 477 1856 e.)
1278 1787 1285 1802 ι

269 1864 274 1880 ’
313 1917 318 1925 -
357 1877 417 1944 Sed
438 1879 596 1942 veniamus
618 1877 658 1942 ed
681 1881 730 1942 eos
751 1877 844 1952 locos,
866 1877 898 1940 in
915 1876 1025 1958 quihus
1038 1891 1150 1940 nornen
1164 1879 1321 1942 mutatum

256 1985 398 2049 nonnihil
428 1986 459 2048 et
491 1983 693 2065 depravatum
726 1985 789 2058 est,
823 1970 1047 2066 scriptoresque
1081 1981 1254 2066 linguarum
1285 1985 1322 2048 ‘et

256 2092 430 2171 temporum
453 2087 558 2154 ordine
577 2105 815 2174 persequamur·
861 2087 1012 2151 Primum.
1026 2088 1122 2170 igliur
1148 2088 1216 2165 (IV)
1239 2087 1320 2169 opud

254 2191 489 2276 Xenophontem
509 2193 580 2257 hist.
596 2192 694 2258 Graec.
713 2194 755 2272 ΙΙ,
771 2194 801 2268 4,
824 2193 873 2267 34,
896 2185 1059 2275 postquem
1080 2193 1239 2256 narratum
1261 2194 1320 2272 est,

255 2295 443 2364 Pausaniam
464 2317 569 2382 regem
591 2297 903 2371 Lacedaemoniorum,
925 2317 995 2362 cnm
1016 2298 1224 2363 Athenienses
1246 2317 1318 2394 per-

257 2423 386 2488 sequens
408 2423 504 2488 usque
526 2403 565 2468 ad
592 2404 748 2468 theatrum
770 2404 861 2467 Plraei
889 2421 1068 2486 progressus
1098 2405 1199 2480 osaea
1226 2403 1321 2470 vehe-

256 2513 378 2575 menter
398 2511 441 2574 ibi
462 2512 670 2594 oppugnatum
692 2527 759 2573 esse
781 2509 915 2592 primum
932 2527 950 2572 a
965 2509 1043 2574 levis
1058 2507 1320 2606 armaturaenrill-

255 2616 339 2681 tibus
362 2615 595 2698 compluresque
616 2615 698 2678 ibic
717 2614 957 2679 ‘Lacedaemoniis
980 2613 1141 2696 qecidlsse,
1166 2613 1321 2678 adduntur

254 2723 335 2786 haec:
382 2715 497 2810 Ὁρῶν
534 2719 571 2792 ce
601 2717 706 2783 ταῦτα
738 2713 757 2783 o‘
790 2712 1035 2802 Θρασύβουλος
1069 2721 1122 2798 καλ
1155 2725 1187 2784 οἱ
1221 2716 1319 2784 ἄλλοι

124 2896 126 2906 ,
254 2822 391 2894 ὁπλῖται
415 2818 592 2912 ἐβοήθουν
613 2819 666 2889 καὶ
686 2820 771 2911 ταχύ
794 2820 1028 2912 παρετάξαντο
1043 2821 1109 2908 ared
1122 2827 1190 2890 τῶν
1205 2821 1319 2890 ἄλλων

254 2923 307 2998 ἔπ’
329 2926 425 2999 ὀκτώ.
461 2931 520 3010 Qui
541 2931 608 2994 fieri
628 2930 738 3012 potuit,
762 2933 805 3006 ut,
828 2933 880 3015 qui
902 2933 1011 3015 postea
1033 2929 1168 2997 subsidio
1189 2930 1325 3006 venece

253 3039 356 3124 gravis
371 3035 539 3120 ¹arrrrattrrae
552 3035 676 3100 milltes
705 3037 780 3114 ante,
802 3038 886 3102 leves
913 3033 944 3100 et
972 3021 1142 3118 erpeditos‚
1174 3036 1226 3118 qui
1253 3036 1317 3100 iam

255 3146 449 3210 excurrerant
471 3146 502 3207 et
524 3135 663 3206 hostibus
690 3141 893 3219 inhaerebant,
922 3141 1140 3207 constitueret?
1183 3139 1318 3226 Thrasy-

252 3252 343 3316 bulus
365 3269 437 3314 vero
464 3243 531 3334 πρὸ
548 3241 628 3312 Ιταῖν
648 3243 778 3314 ‘Areo
806 3249 972 3313 exercitum
1002 3246 1177 3332 constitult3
1211 3246 1317 3329 itaque

254 3361 324 3422 cnm
351 3353 520 3437 Pausanias
549 3371 712 3418 conversus
746 3353 872 3420 collecte
902 3354 934 3417 et
966 3353 1062 3417 dense
1094 3351 1247 3440 phalange
1283 3352 1317 3416 in

254 3456 458 3528 Athenienses
479 3447 661 3542 ingruisset,
683 3459 715 3522 hl
736 3459 885 3546 impetum
907 3477 965 3522 non
992 3457 1180 3522 sustinentes
1201 3457 1317 3539 partim

254 3563 469 3652 ἐξεώσθησαν
499 3569 548 3638 εἰς
575 3559 636 3630 τόν
671 3569 707 3630 ἰν
727 3561 809 3636 ’ταῖς
831 3559 951 3652 Ἁλαῖς
978 3555 1090 3646 πηλόν
1119 3551 1223 3646 (que'ni
1244 3563 1317 3645 post

252 3665 374 3758 tergum
395 3671 613 3754 reliquerant),
646 3663 760 3766 partim
782 3670 936 3753 fugerunt.
978 3661 1093 3734 Ἁλῶν
1115 3669 1194 3748 (τῶν
1211 3661 1318 3744 ’Λεω-

253 3780 376 3855 νίδων),
399 3778 483 3842 demi
493 3777 591 3842 Piraeo
604 3773 706 3850 vicini,
728 3777 760 3840 et
780 3773 926 3858 paludum
938 3774 1035 3840 situm
1051 3774 1192 3858 Kiepertl
1209 3775 1318 3840 tabule

252 3883 438 3952 monstrabit
448 3881 484 3965 ¹).
806 3867 808 3875 Α

287 4046 308 4108 ¹)
328 4046 417 4099 Minus
435 4045 581 4116 diligenter
592 4047 741 4116 Xenophon
760 4047 868 4130 scpipsit
886 4047 930 4108 καλ
951 4047 977 4102 ολ
996 4042 1076 4130 ἄλλον
1094 4041 1214 4112 ὁπλῖται,
1229 4046 1257 4100 si
1275 4047 1318 4102 ita

323 4138 437 4208 scripsit.
474 4139 544 4193 Nam
562 4139 630 4192 nulli
649 4142 729 4194 antea
748 4140 931 4208 pugnaverant
949 4135 1067 4203 ὁπλῖται,
1087 4136 1141 4202 sed,
1158 4153 1218 4192 cum
1236 4137 1314 4191 edes-
