2942 4676
630 280 690 337 Lib.
709 281 742 338 V.
1117 279 1176 340 717

154 479 242 559 μένα
265 480 408 546 πλείονα
430 473 495 564 την
529 474 661 554 εὐεξίαν
696 486 783 564 ἔχειν
815 479 884 544 τιῖιν
919 481 996 563 περί
1030 477 1126 561 σῶμα
1161 479 1216 544 καί

154 585 222 649 τῶν
244 579 346 658 ἐκτός.
392 587 520 651 Fuerat:
544 585 685 650 πλείονα
708 579 773 668 τήν
795 578 817 649 α’
824 585 890 660 ξία
899 611 927 650 ν.

254 691 289 756 Ρ.
314 692 374 756 164
398 692 611 758 scribendum:
650 693 704 758 καί
738 696 1006 777 συγκαταθέσεις
1029 694 1094 772 μὲν
1115 685 1216 765 α’ξιοί-

106 848 110 870 ,
152 799 239 880 μασί
262 823 363 872 τισιν,
387 791 498 880 ὅρμσίς
527 792 556 865 δ’
584 798 638 862 ἐπὶ
668 793 950 882 κατηγορήματα,
983 791 1024 860 ed
1059 789 1215 882 περιεχό-

151 897 242 987 μενιί
265 929 338 976 πως
359 910 397 970 έν
417 918 489 977 τοῖς
510 895 709 988 α’ξιοίμαοιν,
732 899 773 968 οἷ
777 929 794 975 ς
816 908 857 982 [v.
871 908 919 983 oi)
941 905 1216 988 συγκαταθέσεις,

252 1010 289 1073 Ρ.
312 1011 372 1074 218
393 1011 618 1076 restituendum
640 1029 656 1074 e
678 1009 851 1075 codicibus:
874 1002 947 1074 ἄλλ’
969 1001 1059 1093 οιίχί
1082 1010 1215 1086 (Heereu

151 1117 230 1201 εἴγε,
253 1115 346 1182 Mein.
372 1107 437 1182 οὖν
470 1119 514 1201 εἰ)
544 1112 582 1181 cd
616 1116 745 1194 ψεῦδος
778 1109 830 1180 ἐπ’
862 1119 936 1197 ἴσης
969 1111 1095 1194 ψεῦδός
1123 1121 1215 1180 ἐστιν

151 1213 225 1306 ον’χί
248 1222 282 1288 δὲ
306 1223 360 1286 καλ
388 1227 420 1287 οἱ
443 1223 677 1306 διεψευσμένοι
702 1213 754 1286 ἐπ’
776 1223 851 1305 ἴσης
876 1222 939 1286 εἰσὶ
963 1221 1213 1304 διεψευσμένοι.

150 1325 264 1392 Incidit
284 1327 414 1393 Ioannes
438 1331 491 1393 eut
511 1329 613 1412 potius
635 1329 678 1405 is,
708 1347 798 1411 quem
820 1327 976 1411 sequitur,
1007 1325 1039 1390 iu
1063 1346 1131 1392 eam
1152 1328 1215 1393 for·

150 1449 252 1509 mem,
286 1452 346 1515 que
367 1433 471 1498 Latini
501 1435 534 1498 in
564 1433 784 1500 coniunctionis
812 1433 974 1514 negatione
995 1434 1125 1497 utuntur
1158 1434 1212 1516 (de

148 1555 210 1619 que
230 1537 292 1602 diri
314 1538 491 1604 adolescens
519 1540 551 1603 iu
579 1538 746 1603 emendati.
775 1539 807 1602 in
830 1537 985 1602 Ciceronis
1010 1537 1158 1602 Academ.
1182 1539 1214 1604 et

149 1640 188 1706 de
208 1641 328 1725 legibus
349 1665 379 1728 p.
405 1644 492 1725 156):
514 1666 575 1708 non
597 1651 684 1708 omne
702 1644 894 1706 mendacium
917 1664 1000 1728 reque
1020 1644 1213 1706 mendacium

148 1755 191 1808 eet
215 1756 242 1808 ei
262 1769 323 1812 non
351 1770 452 1812 omncs
483 1749 599 1834 decepti
633 1771 716 1832 πηνα
747 1750 862 1834 decepti
897 1758 966 1812 sunt
997 1749 1067 1831 (cfr.
1090 1749 1151 1815 dio.
1174 1751 1212 1816 dc

147 1851 240 1916 divin.
273 1854 298 1926 Ι,
322 1853 371 1927 83,
408 1854 449 1932 ΙΙ,
481 1854 562 1930 102).
616 1853 723 1920 Graece
755 1855 899 1920 usitatius
933 1858 1032 1920 esset:
1066 1849 1139 1940 ουχὶ
1172 1852 1212 1922 cd

146 1961 213 2040 μὲν
233 1959 361 2038 ψεῦδος
382 1961 434 2024 ἐπ’
457 1962 531 2044 ἴσης
556 1975 592 2038 ψ.
617 1966 659 2034 t,
690 1965 722 2024 oi
752 1960 786 2026 δὲ
815 1961 1052 2044 διεψευσμένοι
1074 1958 1135 2026 οὐκ
1159 1957 1211 2027 ἐπ’

147 2065 222 2146 ἴσης
242 2066 306 2130 εἰσὶ
329 2066 359 2130 δ.
397 2067 468 2132 Non
482 2085 571 2150 posse
585 2067 726 2150 coniungi
741 2067 869 2132 alterius
885 2067 1120 2132 affirmationem
1139 2087 1210 2133 cum

145 2171 272 2236 ulterius
294 2173 458 2256 negatione
480 2173 677 2257 significetur,
700 2174 815 2255 itaque,
837 2172 864 2236 si
883 2173 1013 2238 alterum
1028 2173 1208 2249 affirmetur,

146 2276 241 2342 etiem
276 2278 408 2343 ultorum
439 2277 655 2343 affirmandum
688 2296 766 2344 esse.
820 2277 870 2342 Ad
900 2276 1040 2344 craeoam
1074 2279 1206 2346 formem

144 2381 275 2448 Ioannes
313 2383 437 2465 scripsit
472 2383 563 2466 paulo
600 2385 670 2465 post
705 2403 735 2466 p.
770 2383 845 2446 220:
891 2389 939 2447 ἔτι
973 2378 1046 2469 οὐχὶ
1085 2381 1208 2469 κατόρ-

144 2495 252 2572 θωμα
278 2493 344 2572 μὲν
371 2494 489 2573 μεῖζον
524 2489 579 2554 καί
614 2490 755 2552 ἔλαττον
789 2481 831 2552 στ’
863 2489 1064 2573 γίγνεσθαι,
1098 2485 1208 2574 ιίμιῖρ·

144 2619 238 2679 τημα
272 2595 306 2661 δὲ
337 2600 455 2680 μεῖζον
486 2587 510 2678 ἢ
543 2597 684 2658 ἔλαττον
719 2595 919 2680 γίγνεσθαι,
953 2597 1006 2660 ubi
1035 2596 1205 2664 Heerenius

144 2695 186 2768 οὐ
208 2702 280 2767 oute
304 2702 435 2768 alterum
457 2701 639 2787 γίγνεσθαι
662 2701 857 2780 interposuit,
896 2701 929 2767 in
951 2701 1088 2766 codicum
1109 2704 1207 2787 scrip·

140 2809 221 2882 ture,
243 2807 357 2889 opinor,
384 2808 545 2884 atomum
571 2807 621 2870 hio
643 2805 725 2870 enim
749 2809 913 2890 utrumque
937 2807 1111 2890 negandum
1138 2825 1205 2874 esse

141 2913 343 2998 significatur.
931 2991 932 2998 η

241 3020 277 3085 Ρ.
301 3019 365 3084 300
385 3037 402 3084 e
423 3018 575 3084 codicibus
597 3018 809 3082 scribendum:
839 3011 924 3093 οἶόν,
947 3043 1050 3103 φησιν
1071 3013 1090 3083 ὁ
1116 3013 1204 3085 Θεό·

141 3149 309 3211 φραστυς,
337 3130 374 3189 ἐν
395 3137 470 3196 ταῖς
491 3123 658 3209 ἑντυχίαις
679 3118 732 3190 ὁδί
754 3128 819 3208 μὲν
841 3120 950 3190 πολλοί
975 3121 1125 3191 διελδοίν
1148 3127 1203 3192 καί

139 3228 278 3312 μακροῖς
299 3221 539 3316 α’δσλεσχήσας,
560 3222 612 3296 o‘di
636 3230 671 3324 δὲ
694 3226 790 3315 ὀλίγα
812 3236 878 3313 μὲν
900 3223 978 3296 οὐδὲ
1000 3224 1202 3318 ταναγκαῑα,

140 3323 241 3407 οὗτος
264 3334 298 3400 δὲ
320 3328 427 3410 aiod,
457 3331 480 3401 δι’
506 3336 593 3408 ἔδει,
624 3331 685 3400 τιίν
710 3330 829 3420 καιρὸν
856 3338 980 3422 ἔλαβεν
1002 3345 1044 3416 (v.
1065 3333 1117 3425 μή
1140 3334 1223 3405 τδν-

138 3465 170 3506 ιι.
193 3446 242 3519 έὶ).
277 3440 348 3506 Non
363 3461 484 3526 semper
499 3442 606 3507 eodem
620 3442 713 3508 modo
730 3439 792 3510 τὸν
815 3438 932 3527 καιρόν
955 3439 1198 3528 λαμβάνεσθαι

137 3546 366 3629 Theophrastus
387 3543 513 3609 dixerat.

238 3651 274 3717 P.
285 3651 347 3713 332
358 3651 447 3716 scrib.
460 3652 493 3716 et
502 3653 797 3738 interpungendum:
824 3699 872 3719 ...
888 3655 1090 3740 Αἰγυπτίων
1104 3651 1196 3742 προί-

136 3779 206 3824 ταν
217 3759 531 3842 καταστησαμένων.
570 3757 802 3825 Πολιτικόν
817 3760 919 3826 δὲκαὶ
934 3769 974 3843 (v.
985 3788 1197 3848 καταστησα-

135 3865 261 3950 μένων,
290 3865 472 3930 πολιτικῶν
494 3865 528 3930 δὲ
558 3867 625 3942 καί)
646 3866 716 3932 τῶν
737 3862 850 3932 ἄλλων
871 3861 932 3955 οὐχ
949 3861 1057 3953 η’ττον
1079 3871 1134 3935 καί
1158 3865 1198 3935 τό

135 3969 177 4036 eu*
201 3963 274 4054 ἱεριέ
308 3969 377 4034 τών
413 3971 508 4035 θεῶν
537 3976 574 4035 έν
605 3985 678 4044 τοῖς
716 3970 1000 4058 ἐπιφανεστάτοις
1035 3977 1198 4060 ἱδρῦσθαι

135 4069 256 4147 τόποις
277 4098 304 4138 ιι.
329 4101 359 4140 τ.
382 4077 411 4142 λ.
454 4075 577 4142 Novum
598 4077 802 4162 superioribus
831 4079 1008 4166 adiungitur
1028 4082 1196 4166 prudentiae

133 4179 233 4248 civilis
254 4199 359 4265 genus.
