2954 4664
280 257 319 320 92
718 258 778 314 Lib.
798 259 822 324 1,

236 459 365 522 mente
396 459 525 542 lapsos
557 459 707 530 timere
732 461 907 536 mortem,
938 477 1036 542 neque
1062 477 1168 524 verum
1190 476 1243 541 par
1264 474 1297 522 se

237 567 286 628 est
317 563 372 646 (-·
395 583 468 628 nam
494 563 588 648 pueri
619 557 816 630 vehementer
847 566 978 634 mertem
1004 564 1213 652 vextimescunt
1244 563 1312 644 —t

236 686 335 750 neque
357 671 465 752 aptum
490 669 530 734 ad
556 668 602 746 id,
634 669 715 751 quod
743 669 950 752 significatur,
977 671 1110 738 mortem
1136 687 1236 750 neque
1258 669 1297 732 ab

233 772 273 838 iis
295 759 408 850 timeri,
430 774 462 838 in
484 773 594 858 quibus
614 775 693 840 ratio
708 774 851 856 ,nondum
877 775 982 840 lumen
1011 775 1171 853 extulerit,
1199 792 1297 856 neque

235 877 344 954 abiis,
365 879 396 942 in
418 880 528 964 quibus
550 879 699 944 exstincte
720 879 770 944 sit
803 880 875 950 Duo
897 899 1012 964 genera
1033 879 1148 946 Seneca
1163 879 1295 944 fecerat:

236 1002 304 1046 nec
322 983 497 1050 infantes
519 1003 654 1066 pueros
672 1003 743 1048 nec
770 987 900 1050 mente
927 987 1074 1067 lapsos;
1097 985 1297 1067 interpolator

235 1088 345 1154 inscite
367 1088 535 1171 pueros.ab
556 1087 726 1154 infantibus
749 1089 913 1172 separavit.

319 1193 401 1260 Satis
430 1194 486 1258 hoe
513 1194 561 1258 est
590 1195 817 1280 exemplorum,
844 1196 953 1276 quibus
983 1195 1090 1260 eadem
1118 1193 1218 1258 cautio
1240 1192 1297 1257 ad-

233 1299 387 1382 iungenda
418 1301 486 1378 est,
521 1319 613 1382 quam
646 1299 678 1362 in
711 1299 843 1382 cognate,
873 1301 1026 1366 scribendi
1055 1317 1154 1365 errore
1181 1298 1296 1390 addidi

234 1405 317 1470 Nam
338 1406 389 1470 hic
410 1425 527 1497 quoque
551 1423 610 1468 non
631 1423 700 1470 raro
729 1404 767 1468 dc
796 1405 927 1470 librariis
956 1405 1148 1472 incredibilia
1173 1405 1296 1496 lingun-

233 1511 295 1590 tur,
318 1531 373 1578 nee
394 1514 515 1578 tantum
536 1510 573 1574 de
588 1511 779 1594 singulorum
800 1512 972 1590 verbemm,
994 1510 1050 1576 sed
1072 1509 1109 1574 de
1131 1509 1296 1574 maioribus

236 1618 268 1682 et
288 1618 387 1702 magis
410 1616 580 1682 artificiosis
603 1615 833 1680 additamentis.
875 1616 957 1682 Nam
978 1617 1013 1682 ut
1039 1616 1071 1680 in
1102 1635 1200 1698 prosae
1227 1633 1296 1678 ora-

234 1721 325 1794 tionis
350 1722 547 1806 scriptoribus
569 1722 781 1788 annotationes
803 1723 989 1806 marginales
1016 1720 1171 1786 interdum
1199 1719 1296 1794 boen-

233 1827 282 1890 ter
305 1829 336 1891 et
364 1829 481 1902 temere
506 1827 679 1911 finguntur,
715 1828 759 1892 sic
788 1829 819 1912 in
845 1831 1003 1910 pettamm
1034 1827 1176 1910 operibus
1202 1826 1295 1892 nimis

234 1933 323 1998 facile
345 1953 452 2000 versus
474 1934 587 2016 singuli
609 1933 819 2015 compluresve
847 1933 880 1998 in
908 1933 1111 2015 suspicionem
1139 1931 1296 1996 adducun-

234 2037 286 2102 tur
306 2057 325 2102 a
346 2038 448 2102 neseio
469 2039 578 2121 quibus
599 2038 867 2120 interpolatoribus
889 2039 921 2102 et
943 2037 1079 2104 falsariis
1106 2057 1141 2104 eo
1171 2034 1296 2102 consilio

236 2144 402 2224 compositi·
420 2163 497 2220 esse,
519 2146 554 2208 ut
575 2144 655 2208 veris
677 2144 944 2220 intersererentur;
972 2163 1045 2208 nam
1066 2163 1190 2226 prorsus
1211 2143 1296 2208 bau-

236 2248 375 2338 dulentes
397 2249 493 2326 nobis,
516 2267 575 2314 non
597 2249 751 2332 simplices
774 2249 912 2314 homines
933 2247 1085 2330 rudesque
1106 2249 1204 2312 cdtiei
1226 2247 1294 2331 qui-

235 2354 306 2418 dem
327 2355 455 2438 lingunt.
501 2355 544 2420 Ut
566 2356 648 2420 enim
670 2355 810 2438 exempla
836 2355 907 2418 sunt
936 2365 1078 2418 versuum
1103 2355 1314 2438 singulorum

234 2462 288 2525 aut
308 2479 474 2542 paucorum
497 2461 536 2524 ad
556 2462 696 2526 lacunam
719 2459 923 2543 antiquiorem
953 2458 1090 2526 codicum
1113 2459 1295 2542 explendam

234 2568 288 2630 aut
308 2566 465 2644 mendum,
488 2584 546 2648 quo
567 2565 720 2630 sententia
740 2565 926 2648 pessundata
949 2568 1046 2642 esset,
1076 2565 1293 2630 occultandum

234 2674 289 2736 aut
310 2673 404 2736 ctiam
426 2672 466 2736 ad
488 2671 690 2763 sententiam,
714 2689 780 2753 quae
803 2671 882 2736 curti
903 2670 1018 2752 aliquid
1040 2659 1295 2736 habueritne-

233 2777 293 2854 tur,
315 2774 565 2858 amplificandam
585 2776 832 2858 excogitatorum,
853 2775 899 2840 ita
919 2795 1041 2857 prorsus
1057 2777 1096 2842 ab
1117 2777 1203 2840 omni
1222 2796 1296 2858 pro-

233 2880 393 2947 babilitate
415 2880 592 2958 abhorrent,
610 2900 689 2962 ·quae
717 2899 799 2944 nnnc
827 2899 845 2944 a
873 2882 1055 2964 quibusdam
1078 2883 1115 2965 dc
1136 2882 1295 2965 uagoediis

235 2985 350 3052 Graccis
371 2986 509 3072 versibus
531 2986 642 3068 spuriis
663 2986 800 3069 impletis
825 2989 997 3064 narrantur.
1045 2988 1297 3064 Nam,²c0ntenti

233 3091 337 3156 futiles
371 3091 402 3156 et
431 3080 549 3173 ineptes
578 3090 811 3172 interpolatores
842 3093 1014 3174 appellare,
1044 3112 1146 3176 neque
1175 3081 1296 3175 quande

231 3196 281 3262 illi
306 3197 445 3263 homines
473 3196 618 3272 vixerint,
649 3197 772 3275 dicunt,
804 3217 903 3281 neque
924 3199 1094 3272 euimmodi
1114 3199 1243 3264 scientia
1263 3201 1296 3264 et

232 3305 300 3368 arte
321 3297 442 3384 praditi
463 3302 587 3379 fuerint,
611 3321 708 3386 neque
730 3323 789 3386 quo
810 3306 935 3372 consilio
955 3307 1024 3372 illos
1045 3324 1162 3382 versus,
1184 3305 1295 3388 quibus

232 3395 364 3474 sublatis
379 3409 482 3472 omnia
499 3409 576 3472 bene
591 3409 702 3474 habere
717 3410 923 3494 affirmantur,
939 3411 1177 3494 interposuerint
1196 3430 1295 3493 neque

234 3515 384 3597 quomodo
422 3533 472 3578 ees
504 3514 536 3578 in
568 3514 687 3580 codices
717 3515 953 3593 insinuaverint3
991 3517 1018 3582 si
1055 3518 1159 3581 autem
1190 3515 1297 3580 iudicii
1428 3507 1432 3515 ’

233 3639 342 3685 causas
375 3620 406 3684 in
422 3611 425 3618 ’
443 3620 571 3704 singulis
603 3621 680 3685 locis
708 3637 843 3704 qnaeraS,
872 3605 933 3704 ¹aut
960 3623 1038 3688 nihil
1068 3621 1128 3687 nisi
1141 3641 1144 3651 ·
1158 3623 1296 3688 convicia

234 3727 408 3790 communia
450 3727 583 3810 reperias
612 3729 666 3791 aut
697 3729 827 3810 superba
862 3727 978 3805 edicta,
1013 3729 1121 3812 quibus
1152 3731 1297 3796 vetantur

234 3831 345 3916 tragici
366 3831 452 3914 copia
474 3833 606 3916 quadam
629 3833 660 3896 et
681 3834 821 3898 ubertate
845 3833 979 3898 naturali
1000 3833 1123 3910 dicendi
1149 3835 1296 3916 personas

234 3920 366 4002 utentes¹
396 3938 540 4004 inducere
581 3938 629 4020 (ut
661 3935 824 4020 Sophocles
856 3939 887 4002 in
920 3939 1015 4004 Aiace
1054 3939 1129 4023 327)
1168 3959 1297 4024 gencra-

230 4042 334 4108 lemna
353 4043 538 4110 sententiam
553 4043 752 4127 interponere,
767 4045 822 4108 aut
835 4024 985 4112 eiusmodi
999 4044 1213 4124 dubitationes,
1229 4065 1297 4128 quae
