3000 4668
632 337 692 392 oin
712 337 764 393 111.
1126 335 1186 398 379

191 617 194 632 Ι
265 538 385 621 Ibd.p.
407 537 525 602 2233:
548 531 649 604 Κατοὲ
673 530 715 620 on*
738 530 801 600 τόν
821 537 886 603 νόν
909 532 1152 623 ..ωλόγονκκ
1175 530 1230 620 ἦ

162 647 281 730 τέχνης
302 645 524 728 οἰκειωτιιιῆς,
546 642 752 730 χειρατικῆς,
775 642 994 726 θηρευτικῆς,
1020 642 1228 727 ζωοθηρίας,

163 751 340 849 χτροοιᾞας
380 744 763 835 όνθρωτιοθηριᾛας
798 751 925 813 ,νέων
964 750 1136 815 πλουσίαν
1172 751 1226 814 ναὶ

163 837 307 935 ἐνδόξων
335 861 522 943 γιγνομένη
555 849 650 940 θήρα
683 839 936 938 προσρητέον
1003 849 1228 938 .υοφιοτικη’.

163 964 281 1030 Omnes
317 965 373 1030 hos
413 963 570 1048 genetivos
606 962 795 1028 ludierorum
827 963 876 1025 ert
875 961 939 1025 ium
975 961 1134 1026 nominum
1167 981 1228 1026 nou

162 1070 325 1154 intellego;
338 1089 437 1152 neque
458 1069 542 1134 enim
557 1069 678 1134 venetio
699 1067 774 1132 artis
796 1065 932 1131 estnec
943 1083 992 1130 ers
1014 1068 1152 1143 venatur,
1174 1067 1228 1132 sed

164 1175 331 1258 sophistice
363 1178 411 1240 est
432 1193 468 1240 ea
498 1175 619 1253 venutio
651 1149 901 1244 adolescentium,
932 1189 999 1272 quse
1032 1172 1080 1236 his
1111 1171 1228 1238 artibus

162 1281 208 1346 fit
260 1281 368 1364 Itaque
400 1279 550 1364 genetiuis
572 1279 692 1343 daturos
724 1277 950 1344 substituendos
990 1277 1058 1342 dieo
1094 1279 1229 1343 seriben-

164 1381 749 1472 δυωᾳυθτητόχνηοἰκειωτιμῇ,
772 1385 1009 1470 χειρωτικῇ,
1027 1427 1093 1456 ...,
1112 1384 1229 1458 δοξο-

164 1491 421 1578 παιδευτιιιῄ
450 1493 534 1556 νέων
569 1489 741 1555 πλουσίων
776 1491 830 1553 καὶ
862 1483 1010 1565 ἐνδόξων
1042 1492 1228 1574 γιγνομένη

163 1589 268 1680 θήρα,
291 1600 371 1682 quod
395 1599 448 1681 qui
469 1597 561 1662 nimis
583 1597 730 1661 audacter
756 1597 788 1660 in
812 1598 860 1660 tot
880 1597 1055 1662 nominibus
1083 1594 1151 1659 fieri
1172 1615 1229 1678 pu·

162 1702 284 1779 tenerit,
307 1705 496 1780 meminerit,
519 1723 589 1768 oum
611 1703 761 1785 inprime
790 1703 966 1768 oberratum
987 1704 1084 1780 esset,
1116 1703 1153 1766 ut
1174 1721 1228 1786 pro

162 1813 261 1896 τέχνη
297 1810 483 1876 scriberetur
519 1811 647 1895 τέχνης,
684 1809 855 1874 necessario
891 1793 1025 1874 eundem¹
1051 1809 1082 1872 in
1117 1809 1236 1874 ceteris

162 1916 364 1982 mutationem
396 1916 511 1980 fnotm
543 1933 621 1980 esse.
665 1914 763 1994 Quem
795 1914 894 1980 feeilis
927 1916 1032 1980 autem
1063 1915 1116 1980 ille
1146 1933 1229 1980 error

161 2020 264 2098 fuerit,
291 2022 409 2086 dietum
440 2023 489 2086 est
510 2041 602 2104 supra
622 2041 653 2104 p.
681 2021 720 2081 67
750 2022 782 2084 et
809 2019 848 2099 ud
870 2020 1008 2103 Thuoyd.
1039 2022 1086 2093 ΙΙ,
1120 2020 1170 2096 83,
1200 2019 1228 2083 1.

161 2127 222 2200 (De
244 2147 273 2209 p.
297 2127 358 2188 224
379 2127 408 2190 A
429 2126 547 2190 dietum
569 2127 617 2190 est
637 2127 690 2190 illo
711 2125 778 2216 ipso
798 2125 862 2190 loeo
886 2146 913 2207 ρ.
938 2127 1003 2195 67.)
1110 2110 1113 2116 ’

262 2233 328 2297 Ibd.
341 2251 371 2314 p.
381 2232 493 2296 2280:
517 2227 578 2297 όοα
602 2224 766 2314 κινήσεως
787 2223 999 2316 μετασχόντα
1023 2235 1077 2296 καὶ
1100 2225 1229 2298 σκοπόν

162 2363 238 2402 τινα
276 2340 408 2421 θέμενοι
446 2330 573 2402 τούτου
599 2332 781 2424 τυγχόνειν
821 2330 901 2402 καθ’
936 2329 1080 2421 ἑκόστην
1115 2333 1227 2422 όρμην

163 2435 346 2528 τιαρόφορα
381 2437 491 2508 αὐτοῦ
533 2445 685 2528 γίγνεται
729 2447 782 2509 καὶ
827 2435 1069 2528 α’νιοτυγχόνοι.
1125 2445 1228 2508 Verba

162 2543 287 2616 τούτου
308 2545 502 2636 τυγχάνειν,
528 2551 609 2632 qnod
636 2569 707 2616 oum
734 2549 860 2633 reliquis
888 2550 971 2613 nullo
997 2550 1089 2615 modo
1110 2551 1227 2620 coeunt,

162 2671 287 2736 prorsus
317 2657 386 2722 tolli
417 2656 539 2729 volunt;
572 2655 645 2720 addi
673 2654 725 2738 qui
753 2654 916 2736 potuerint,
932 2661 1008 2718 ‘non
1041 2653 1226 2737 signifioant.

163 2759 364 2826 So‘ribendunr
393 2763 441 2828 est
471 2761 589 2844 optime
611 2760 776 2835 sententia,
798 2759 928 2824 minimo
957 2759 1141 2824 mutatione:
1172 2761 1226 2823 καὶ

162 2859 301 2930 υποπόν
322 2893 398 2932 τινα
421 2870 565 2952 θόμενα
595 2859 689 2930 α’ντι
718 2866 791 2930 του
823 2859 1001 2951 τυγχάνειν
1037 2859 1117 2928 καθ
1144 2859 1227 2929 ἐκό-

164 2981 248 3091 υτην
270 2965 323 3056 όργ
310 2997 437 3058 μηνιι
459 2975 527 3038 τ.)
514 2971 685 3038 t-Semel
708 2971 820 3052 sumpto
848 2997 880 3050 α
911 2991 947 3037 ex
969 2995 1085 3036 ντιτου
1110 2971 1227 3034 factum

163 3102 295 3143 lov'wv.

263 3183 331 3256 lto.
351 3203 381 3266 p.
405 3185 465 3246 229
488 3186 532 3248 A:
569 3178 708 3250 Οόιιούν
745 3184 799 3248 καὶ
833 3187 909 3266 περὶ
943 3187 1007 3266 μὲν
1040 3180 1143 3266 ὕβριν
1172 3207 1225 3245 ιιαι

163 3283 374 3354 [tinnierunt
397 3291 528 3356 δειλίαν
549 3283 570 3373 η
598 3284 778 3372 nouantem}
796 3295 923 3371 πέφυκε
940 3287 1066 3374 τεχνῶν
1078 3287 1226 3370 suntiono

164 3390 206 3480 δη
248 3396 368 3464 πασῶν
404 3391 624 3481 προσήκουσα
656 3395 741 3480 διίιη.
797 3396 872 3460 Haec
907 3413 1031 3478 prorsus
1069 3393 1227 3478 nugatorio

162 3503 316 3578 dicuutur,
346 3497 411 3585 την
442 3497 645 3587 κολοττικήν
674 3501 808 3580 menime
835 3519 903 3566 esse
940 3501 1037 3584 δίκην
1066 3502 1098 3564 et
1130 3499 1227 3582 δίκην

163 3602 405 3691 προσήκουσαν
436 3609 538 3674 neseio
560 3609 619 3672 oui.
664 3606 776 3672 Omnia
796 3609 880 3672 reeta
899 3609 931 3672 et
953 3607 1107 3692 elegantia
1128 3607 1229 3679 eruut.

162 3715 225 3778 iota
246 3713 432 3796 subscripto:
462 3715 588 3799 τεχνῶν
615 3706 763 3794 μάλιστα
788 3708 830 3796 δή
866 3713 985 3778 πασῶν
1007 3705 1226 3796 προσήκουσα

161 3819 276 3905 Διίιη.
324 3817 369 3884 Ut
395 3821 580 3906 praeeipuam
608 3819 688 3902 hano
716 3837 781 3883 esse
809 3803 935 3884 ¹iustitiae
961 3822 1086 3910 purtem
1117 3819 1227 3902 hospes

162 3925 288 3990 Eleates
309 3923 472 4009 significet,
501 3925 635 3998 inarime
662 3943 731 3988 eam
763 3923 827 3988 dese
847 3925 914 4002 Iust
914 3924 977 3990 itiae
1013 3926 1175 4093 cognatum
1197 3926 1229 3987 et

162 4028 320 4110 propriam
335 4029 634 4094 dicit
1147 4055 1153 4066 ν

263 4133 515 4216 tbd.p.231A
513 4131 603 4198 B:
593 4129 685 4214 όμιυς
663 4081 789 4198 δὲ
765 4143 913 4200 εὀτωοαν
935 4135 987 4212 (hi
1011 4153 1101 4218 quos
1112 4134 1229 4219 signifi·
