3014 4666
315 301 375 362 264
748 303 808 359 nib.
828 305 864 358 11.

370 499 438 564 Ibd.
460 519 488 564 u.
512 498 575 560 324
597 518 666 581 sqq.
711 501 825 566 Versus
846 503 903 566 hoo
924 499 1027 564 ordine
1048 499 1181 581 ponendi
1201 503 1287 566 sunt:

336 606 412 672 KP.
435 613 519 691 ἔχεις
541 603 575 669 δὲ
596 604 737 688 βίοτονς
758 597 803 672 εὖ·
819 603 884 693 yde
906 602 1049 691 ἤσκησαι
1073 607 1225 677 πέπλοις.

333 712 404 778 m.
435 723 507 783 νοῑς
527 710 590 776 τοῦ
610 713 699 776 θεοὺ
721 704 950 797 κοσμούμεθ’,
977 699 1002 796 ᾧ
1024 705 1243 793 δουλεύομεν.

338 818 412 882 ΚΡ.
435 809 578 882 νοῖλαινιλ
602 809 674 900 ο’“ἠ
695 811 840 882 τεκουοελ
862 817 914 891 τίς
935 810 1012 882 ποτ’
1033 808 1079 900 ἦν
1100 813 1175 899 ἆρα.

334 921 404 988 m.
437 915 587 1006 αἰλίκημα
610 947 671 988 του
692 917 854 1010 γυναικός
876 917 1044 1011 ἐγενόμην
1067 925 1154 995 ἴσως.

335 1029 412 1093 ΚΡ.
435 1021 508 1093 odd’
528 1020 610 1116 ᾖξας
632 1033 683 1102 εἰς
705 1036 855 1113 ἔρευναν
869 1037 1014 1113 ἐξευρεῖν
1034 1037 1151 1115 γένοςς

271 1133 307 1196 In
330 1133 484 1199 codicibus
515 1137 547 1200 et
574 1134 767 1210 editionibus,
798 1155 874 1218 qnos
903 1155 958 1219 ego
981 1135 1106 1200 tertium
1135 1136 1167 1198 et
1188 1135 1330 1216 quartum

271 1239 368 1319 posui,
391 1221 560 1306 necessario
578 1240 754 1305 ooniuuotos
766 1259 837 1305 enm
850 1241 955 1324 quinto
977 1242 990 1324 (
1012 1277 1028 1286 ·-
1042 1261 1115 1306 nem
1127 1259 1163 1304 ex
1175 1239 1329 1304 mentione

271 1343 380 1408 metris
401 1344 497 1409 oritur
517 1345 715 1430 interrogatio
735 1346 773 1410 de
787 1347 966 1427 perentibus
979 1346 1115 1429 quesitis
1128 1351 1192 1422 -λ,
1213 1345 1330 1426 primus

271 1449 303 1511 et
324 1449 473 1515 secundus
505 1453 577 1516 snnt
607 1452 749 1534 maleque
783 1451 947 1530 dirimunt,
984 1471 1051 1535 qnae
1083 1452 1121 1516 de
1152 1450 1219 1514 cibo
1240 1452 1272 1514 et
1293 1448 1330 1512 de

271 1559 355 1618 reste
379 1555 461 1620 Ionis
487 1557 638 1622 dieuntur.
689 1558 726 1622 In
750 1575 840 1621 versu
862 1559 955 1622 tertio
977 1558 1086 1639 seripsi
1112 1549 1259 1622 τεκοῦσά
1279 1577 1330 1623 τις

271 1654 424 1734 (ια’λαινολ
459 1687 510 1734 τις
533 1653 578 1746 ἦν
605 1659 627 1746 ἦ
656 1689 692 1730 οε
723 1659 868 1728 εειούοοῖ
900 1669 1005 1740 ποτε).
1062 1647 1158 1728 Codd.
1188 1647 1330 1732 τίνοιμ’,

270 1761 344 1847 ἧιις
365 1765 495 1848 spondeo
516 1771 656 1850 quartam
679 1767 784 1833 sedem
806 1771 944 1843 tenente;
972 1769 1077 1850 itaque
1100 1767 1153 1832 olii
1171 1767 1330 1835 τεκοῦσα,

271 1871 332 1947 τίς,
354 1871 390 1933 ut
410 1871 461 1943 τίς
482 1891 536 1954 pro
558 1869 781 1958 ἦιιςροοολαε,
804 1893 861 1939 usu
874 1875 954 1957 apud
968 1873 1087 1938 Attioos
1103 1872 1192 1945 ualde
1205 1873 1329 1946 incerto,

270 1975 323 2040 alii
342 1975 435 2040 verba
460 1977 661 2061 transponunt
694 1971 840 2056 (τάλαιν’
867 1973 919 2062 ἄρ’
946 1972 970 2061 ἠ
998 1970 1142 2044 tenedon}
1173 1971 1219 2051 ο’,
1256 1973 1330 2059 ἠἰις

271 2071 314 2164 ἦν
335 2081 429 2156 ποτε)
438 2079 471 2154 ¹).

371 2185 437 2250 Ibd.
461 2188 535 2250 502:
779 2186 864 2254 ὅταν
884 2183 1015 2261 αὐλιόις

576 2346 585 2363 .
644 2296 790 2383 ουρίζῃς,
814 2287 840 2360 ὦ
863 2290 956 2370 ndo,
992 2347 997 2356 .

644 2412 730 2464 τοῖσι
754 2415 825 2473 σοῖς
847 2407 884 2466 ἐν
906 2399 1050 2484 ἄντροις.

271 2501 455 2566 Tollendum
471 2507 507 2566 ἐν
521 2499 664 2586 ἄντροις,
688 2505 878 2588 adscriptum
900 2507 940 2571 nd
961 2500 1093 2578 αὑλιόις
1114 2503 1327 2570 enarrandum.

271 2606 465 2673 Adieotivum
492 2605 609 2682 αὔλιος
639 2630 735 2694 neque
759 2612 910 2692 reperitur
938 2612 997 2676 nisi
1030 2611 1112 2694 apud
1132 2610 1328 2692 Apollonium

271 2711 423 2778 Rhodium
445 2713 688 2800 eliosignifiostu
708 2714 837 2794 (οὔλιος
855 2711 973 2801 dando)
992 2717 1023 2780 et
1041 2735 1166 2797 prorsus
1181 2715 1327 2780 abundet.

368 2818 434 2884 Ibd.
457 2819 529 2884 828.
573 2823 688 2888 Versus
709 2825 776 2888 tam
797 2823 932 2906 graviter
955 2823 1112 2904 corruptus
1134 2822 1183 2886 est
1203 2823 1329 2902 tumque

270 2922 405 2988 violente
430 2925 582 2991 medicine
613 2933 699 3012 eget,
728 2929 764 2992 ut
791 2929 841 2992 vix
867 2927 997 2992 audeam
1027 2928 1235 2992 oonieotnrem
1257 2945 1329 3007 pro-

269 3045 395 3110 ponere:

178 3159 180 3164 ·
312 3128 432 3198 λαθών
449 3136 481 3201 δὲ
506 3139 559 3202 καὶ
583 3133 645 3204 νόν
667 3133 835 3223 φθόνον
857 3132 1158 3222 ἀμαυροῦσθαι
1180 3141 1325 3222 μένων.

269 3237 310 3301 Et
334 3235 470 3319 φθόνον
497 3243 636 3326 quidem,
669 3245 702 3308 in
735 3245 817 3328 quod
848 3244 936 3310 video
964 3244 1059 3310 etiam
1080 3243 1251 3311 heobsium
1279 3242 1329 3304 in-

270 3343 390 3422 cidisse,
413 3350 530 3414 eertum
551 3352 635 3446 puto.
685 3349 779 3414 Aliud
801 3350 896 3415 etiem
917 3369 971 3432 pro
1001 3353 1112 3414 θέλων
1134 3347 1329 3440 perticipium

269 3449 442 3531 ponendum
465 3471 542 3532 esse,
566 3455 764 3522 menifestum
786 3457 847 3532 est;
872 3473 944 3520 num
959 3453 1329 3524 voluntnsinoondioione
1389 3445 1390 3450 ’

269 3555 422 3636 peninon
444 3560 574 3640 poteret.
617 3562 724 3626 Potest
745 3561 841 3626 finisse
868 3555 930 3626 τόν
962 3557 1101 3641 φθόνον
1123 3552 1327 3642 ἀμύνασθαι

271 3659 379 3726 δοκῶν
401 3666 484 3740 (oum
507 3684 541 3732 se
562 3667 679 3750 putarit
696 3665 820 3730 invidie
843 3665 967 3732 obviem
991 3666 1073 3745 isse).

298 3979 320 4044 ¹)
340 3981 464 4052 Sophoel.
483 3981 581 4054 Electr.
600 3987 651 4038 316
670 3985 760 4052 potest
778 3981 872 4035 soribi:
900 3980 936 4046 ὡς
956 3985 1006 4036 νῦν
1022 3978 1147 4044 αἀόντος
1166 3982 1286 4046 ἱστορεῖν·
1302 3981 1329 4032 εἰ

342 4090 385 4127 σοι
405 4075 501 4139 φίλους
