2994 4672
658 347 718 404 nib.
736 347 790 404 111.
1153 347 1214 409 469

188 537 379 628 όπολοχεῑν
399 549 486 632 μηδὲ
514 544 600 633 πρός
623 548 724 612 τοῦτο
750 548 950 632 φροντίζειν.
1005 548 1045 612 nt
1068 546 1203 630 genetivi
1226 548 1258 611 et

181 653 332 734 ,μηθένα
355 653 520 721 ostendunt
550 654 582 717 in
604 654 694 718 verbo
718 671 839 735 prorsus
868 635 1014 718 inusitato
1041 653 1166 718 subesse
1187 677 1256 736 μη-

194 760 281 822 θένα
304 743 535 844 ὑπόλογον.
578 758 639 823 Sed
658 757 848 822 desideratur
864 757 1046 836 infinitivus,
1069 757 1121 840 qni
1135 741 1256 822 videtur

193 870 281 949 ἔχειν
314 863 410 928 fuisse
450 866 498 944 (ut
530 864 640 930 dicitur
674 855 776 948 λόχον
810 872 897 950 ἔχειν
929 855 1051 940 τινός),
1092 863 1151 927 etsi
1182 863 1256 930 alibi

192 977 371 1034 ποιεῖσθαι
392 970 526 1053 ponitur.
1269 1040 1275 1049 ¹

291 1075 358 1140 Ibd.
382 1093 407 1140 ο.
433 1076 470 1136 11
494 1074 584 1156 paulo
609 1075 676 1156 post
698 1074 764 1138 init.
798 1073 861 1154 (10,
884 1075 934 1156 2);
968 1070 1051 1166 ὥστε
1082 1074 1254 1158 μηδέποτε

192 1176 395 1247 ὑπολείπειν
418 1183 636 1266 εἰργομένους
658 1183 719 1264 της
740 1171 847 1264 χώρας
875 1173 929 1246 διό
959 1171 1123 1262 πόλεμον.
1174 1177 1253 1245 Scri·
1368 1179 1373 1188 ’

192 1286 333 1354 bendum,
348 1286 451 1368 opinor
472 1290 511 1352 εἰ
519 1311 537 1370 ρ
546 1289 753 1372 γομένοις.
782 1284 890 1362 (Paulo
915 1286 986 1348 ante
1010 1277 1113 1350 ταύτό
1139 1275 1171 1370 μ’
1194 1277 1254 1370 εό-

191 1391 350 1476 ρηοθαι
374 1387 428 1457 διαί
451 1393 514 1458 τοῦ
536 1384 795 1470 κατασκευάζειν
816 1409 870 1474 pro
892 1386 1053 1474 εὕρηται.)
1271 1401 1272 1405 ’

291 1496 357 1561 Ibd.
383 1516 409 1560 ο.
424 1499 461 1560 13
484 1499 576 1580 aliqu.
599 1499 670 1581 post
690 1497 758 1560 init.
781 1485 843 1574 (12',
865 1496 915 1579 2):
942 1496 987 1562 Οἱ
1010 1489 1039 1562 θ’
1061 1489 1170 1576 εὐθυς
1192 1489 1253 1560 οὐκ

180 1596 306 1686 -όρθολς
328 1605 463 1686 ζητοῦσι
485 1598 550 1688 τήν
577 1597 821 1684 εὐδαιμονίαν,
853 1605 1004 1676 ἐξουσίας
1026 1593 1253 1688 ὑπαρχούσης.

192 1709 407 1774 Sen'bendnm:
420 1715 465 1794 ο(
486 1705 515 1774 θ’
538 1699 678 1785 αὖθις.
710 1708 854 1788 Refertur
868 1708 927 1772 hee
946 1708 985 1786 ad
999 1709 1138 1791 superins
1159 1706 1253 1781 illud:

194 1809 278 1880 α’λλοί
302 1807 431 1898 τούτων
453 1829 525 1890 τοῖς
545 1822 611 1899 μὲν
634 1816 763 1892 ἐξουσία
787 1801 978 1899 τυγχάνειν,
1001 1827 1073 1888 τοῖς
1095 1807 1123 1880 θ’
1146 1811 1198 1881 ου’.

291 1921 358 1986 Ibd.
376 1939 402 1986 ο.
419 1923 455 1984 13
477 1924 547 2004 post
567 1923 648 1988 med.
672 1922 734 2000 (12,
758 1921 807 2004 5):
840 1912 1051 2006 Ἀναγκαῖον
1072 1921 1251 1988 τοίνυν...

192 2022 232 2092 τοί
255 2029 320 2110 μὲν
340 2017 523 2113 τ’πολρχειν,
552 2024 592 2092 τοί
617 2030 650 2094 δὲ
673 2024 930 2112 παρασκευάσαι
960 2022 1021 2092 τόν
1045 2031 1252 2114 νομοθέτην.

192 2127 252 2198 Διό
276 2125 346 2198 κατ’
369 2125 472 2217 εόχην
496 2123 669 2219 εἰχόμεθα
693 2129 758 2217 τήν
780 2133 842 2217 τῆς
856 2125 986 2205 πόλεως
1009 2127 1184 2210 σύστασιν,
1207 2123 1254 2201 οἷν

192 2233 213 2322 ἡ
247 2237 330 2324 τύχη
363 2239 472 2324 κυρία.
531 2239 722 2304 Sententiam
754 2239 832 2310 vidit
855 2239 978 2306 Cernes.
1029 2239 1251 2306 scribendum:

190 2340 240 2410 nro*
271 2346 337 2410 καί
367 2359 509 2430 τυχεῖν
539 2339 713 2430 εὐχόμεθα
747 2339 812 2429 τήν
839 2345 901 2430 της
923 2339 1054 2418 πόλεως
1077 2337 1252 2422 σόστασιν,

190 2439 236 2515 ὧν
260 2476 289 2514 κ.
312 2477 342 2515 τ.
360 2453 388 2514 λ.
435 2450 641 2530 Quamobrem
663 2451 819 2534 (qnoniam
841 2450 980 2536 qnaedam
1003 2446 1168 2538 ὑπάρχειν
1190 2453 1252 2530 δεῖ)

190 2556 285 2622 etiam
309 2574 479 2640 precamur,
508 2558 542 2620 nt
565 2556 633 2626 urbi
655 2556 817 2622 condenda
846 2573 882 2620 ea
904 2556 1100 2641 contingant,
1132 2577 1198 2641 qnae
1219 2559 1252 2624 in
1314 2551 1318 2560 “

188 2661 317 2728 fortnnae
337 2661 462 2726 arbitrie
483 2665 562 2726 aunt.

289 2768 357 2854 lbdt
378 2785 407 2834 ο.
432 2769 469 2831 13
497 2769 553 2834 snb
579 2767 632 2832 fin.
664 2767 727 2845 (12,
751 2767 798 2844 6);
836 2773 907 2831 ε”νια
931 2760 995 2850 γοίρ
1019 2773 1087 2834 ἐστι
1112 2765 1165 2835 θεοί
1189 2773 1251 2858 τῆς

190 2866 333 2957 φύσεως,
363 2873 677 2960 ἐπαμφοτερίζοντα
703 2866 756 2936 διαί
785 2871 853 2936 τών
880 2875 974 2940 ἐθῶν
1002 2876 1057 2938 ἐπὶ
1080 2871 1117 2940 τό
1140 2890 1251 2962 χεῖρον

72 3009 75 3014 ·
190 2980 244 3044 κα1
266 2967 304 3046 τό
327 2981 473 3066 βέλτιον.
518 2977 631 3042 Scrib.:
665 2983 735 3042 ἔνια
759 2970 823 3063 μοίρ
848 2984 937 3044 ἐστιν
971 2981 1055 3046 ἴδια
1089 2983 1152 3066 τη”ς
1185 2982 1250 3067 φιλ.

174 3109 271 3159 -σεως
293 3101 322 3156 κ’.
344 3111 373 3151 τ.
397 3088 427 3151 λ.
469 3083 546 3165 (Sed
566 3084 610 3150 sie
630 3084 694 3148 iam
715 3082 849 3173 Cernes.)

289 3191 358 3255 Ibd.
381 3210 406 3255 ο.
430 3190 469 3250 14
490 3189 557 3269 init.
582 3188 646 3266 (13,
671 3191 715 3267 1);
739 3181 840 3254 τοῦτο
864 3185 906 3274 δή
930 3195 1104 3274 σκεπτέον,
1128 3197 1159 3258 εἰ
1182 3173 1250 3260 ἐτί-

189 3319 269 3380 ρσυς
297 3296 384 3364 εἶναι
414 3296 464 3362 δεῖ
485 3289 565 3364 τούς
599 3291 766 3382 ίίρχοντας
796 3297 849 3362 καί
878 3292 959 3368 τοτίς
992 3290 1200 3395 οἷρχομίνους
1228 3296 1249 3387 ἢ

189 3396 270 3475 τούς
292 3396 417 3474 αὐτούς
441 3395 609 3483 διολβίου.
651 3402 719 3466 Ηοσ
742 3420 839 3484 neque
863 3393 945 3467 reete
971 3403 1083 3469 dieitur
1105 3410 1250 3492 (ἑτέρους

190 3507 278 3572 εἶναι
299 3527 353 3590 pro
376 3498 612 3584 ἐπαλλάττειν)
634 3525 733 3589 neque
755 3507 803 3590 iis,
831 3527 898 3590 qnae
926 3512 1110 3592 sequuntur,
1142 3515 1249 3596 aptum

175 3614 245 3678 est.
268 3664 271 3682 ,
291 3611 473 3678 Tollendum
496 3607 527 3693 ἦ,
549 3613 585 3674 ut
606 3611 660 3676 sit:
696 3617 727 3678 εἰ
748 3615 879 3695 ἑτέρους
903 3613 988 3678 εἶναι
1014 3615 1063 3679 δεῖ
1085 3613 1165 3690 τοός
1188 3615 1248 3702 όρ-

174 3739 310 3802 χοντας
341 3720 394 3784 καὶ
429 3711 508 3788 τοκίς
535 3709 761 3800 α’ρχομένους,
794 3713 875 3790 τους
905 3714 1032 3794 ου’τσιλς
1064 3719 1118 3787 dte*
1151 3712 1248 3807 βίουε

190 3823 360 3890 debeantne
388 3821 522 3906 separati
546 3841 612 3886 esse
640 3825 828 3908 imperantes
852 3828 884 3890 et
910 3828 962 3909 qui
989 3830 1113 3910 parent,
1145 3830 1190 3894 ita
1215 3833 1251 3895 ut

188 3927 281 3994 iidem
305 3948 426 4012 semper
446 3928 477 3991 in
499 3923 665 3992 alteroutro
687 3949 812 3994 numere
833 3933 988 3996 maneant.

288 4033 355 4098 Ibd.
378 4053 403 4098 υ.
431 4033 466 4093 16
504 4031 586 4095 med.
626 4035 687 4110 (14,
722 4037 769 4115 7):
818 4049 888 4108 τοῖς
916 4038 951 4102 δὲ
973 4040 1049 4122 περί
1074 4035 1139 4124 τήν
1161 4037 1252 4126 ὥραν

174 4132 321 4223 ,χρόνοις
343 4134 387 4212 οἷς
409 4145 441 4206 οἱ
464 4139 582 4204 πολλοὶ
605 4139 748 4224 χρῶνται
773 4143 881 4214 καλῶς
902 4144 957 4210 κα1
979 4147 1054 4221 νόν,
1077 4141 1251 4231 ὁρίσαντες
