3014 4666
316 275 376 336 212
753 275 811 332 Lib.
831 277 868 331 II.

275 477 306 540 et
328 474 418 558 ἕδρα,
442 472 612 556 quaenullo
626 472 715 538 modo
738 473 889 568 defuturo
901 474 1040 553 tempore
1051 471 1191 557 intellegi
1205 477 1338 553 possunt

274 585 343 662 (pro
370 575 424 645 οἷον
446 575 594 662 ποίοχοι),
616 578 684 642 tum
704 579 807 660 ipsum
828 578 905 644 illud
927 576 1017 661 ἔδρα,
1040 577 1184 660 quoniam
1197 579 1335 660 spusthae

274 686 352 750 nihil
380 686 505 750 aeturus
532 683 598 747 erat
625 682 763 764 OEdipus.
807 684 915 767 Itaque
937 684 1002 749 haee
1023 683 1062 746 de
1085 683 1243 767 praeterita
1264 702 1335 749 oeu-

273 793 378 857 iorum·
394 790 439 871 (id
460 790 518 866 est,
543 788 640 870 ipsius
663 787 778 870 OEdipi)
801 789 892 871 eulpa
919 789 1077 864 dicuntur,
1107 788 1188 872 quod
1213 790 1281 854 sani
1303 793 1338 855 et

204 956 206 964 .
273 897 371 980 aperti
391 910 451 973 nou
473 896 577 958 tamen
601 892 759 971 vidissent
782 914 849 978 quse
876 894 981 960 videre
998 894 1191 978 oportuisset,
1212 896 1336 976 propter

272 1019 364 1085 quam
392 1001 513 1082 eulpam
540 1017 620 1064 nune
651 1001 789 1064 etemtate
820 1000 1017 1074 damnantur,
1049 1019 1163 1082 proque
1192 996 1334 1078 ὅψοινοο

272 1107 435 1190 requiritur
464 1105 636 1171 necessario
657 1104 847 1186 praeteritum
873 1105 1006 1187 tempus,
1032 1104 1114 1187 quod
1141 1105 1198 1187 qui
1214 1106 1335 1170 efficere

272 1212 419 1278 nonantm
457 1207 602 1286 ἅψοιντο
639 1207 811 1282 scribendo,
848 1208 981 1276 formam
1018 1210 1132 1284 Atticis
1163 1209 1335 1276 inauditam

270 1317 412 1382 inferunt.
448 1315 519 1383 Sine
531 1317 622 1382 dubio
635 1313 798 1397 Sophocles
820 1314 983 1397 scripserat
1003 1309 1065 1401 οὐχ
1086 1309 1244 1401 derived
1267 1341 1333 1392 νιν,

273 1423 353 1506 qnod
379 1424 410 1486 et
430 1422 555 1505 propter
580 1420 728 1486 rariorem
754 1418 849 1484 medii
877 1439 967 1485 usum
996 1422 1028 1486 et
1060 1424 1183 1503 propter
1205 1441 1334 1505 sequens

272 1523 414 1610 όψοιάνο
444 1527 599 1592 mutatum
631 1526 687 1589 est.
749 1525 810 1590 Sed
839 1526 927 1590 aliud
958 1528 1064 1591 restat.
1118 1527 1223 1592 Minue
1251 1528 1334 1593 enim

270 1638 342 1719 apte
368 1635 433 1698 haee
454 1633 550 1714 eulpae
572 1632 608 1696 et.
621 1633 717 1713 peenee
739 1631 922 1714 significatio
944 1629 1066 1696 videtur
1076 1631 1215 1714 copulari
1237 1633 1335 1715 perti·

271 1741 340 1806 culs
371 1739 568 1824 adversatinn
597 1743 671 1814 (eos
706 1737 839 1801 dicens
868 1755 955 1809 non,
987 1755 1067 1818 quae
1092 1736 1334 1815 debuissent,

270 1845 430 1922 vidisse,
462 1843 528 1907 seri
551 1842 597 1906 'in
618 1842 867 1925 posternmin
882 1841 1234 1918 tenebrisuisuros‚
1256 1863 1334 1926 quae

270 1951 360 2016 olim
395 1949 611 2027 vidissent).
661 1947 763 2012 Multo
785 1947 896 2012 saltem
917 1947 1028 2012 melius
1049 1948 1114 2014 hese
1137 1948 1335 2028 cohererent,

270 2057 314 2121 sic
330 2055 459 2138 scripta:
482 2046 754 2131 αὐδῶννοιοιῦθ’,
776 2047 840 2132 οἷς,
862 2047 974 2120 οὕνεκ’
997 2047 1057 2140 οὐχ
1079 2048 1235 2141 ὁρῷντό
1256 2056 1332 2138 remi

270 2154 349 2227 οὔθ’
364 2155 408 2226 οἷ’
421 2166 568 2244 ἔπασχεν
582 2151 662 2224 οὔθ’
677 2151 767 2223 ὁποῖ’
782 2159 861 2242 ἔδρα
877 2149 976 2234 κακοί,
995 2162 1000 2240 i
1019 2152 1093 2226 ἀλλ’
1105 2163 1162 2242 (ab)
1175 2167 1212 2228 ἐν
1227 2155 1333 2247 eaden

270 2261 307 2332 ro*
326 2267 447 2332 λοιπόν
464 2289 489 2328 ιι.
502 2290 531 2330 ν.
544 2267 574 2330 λ.
616 2265 654 2329 V.
671 2264 992 2349 12730e1274‚qu0s
1010 2265 1168 2332 Nauekins
1186 2267 1218 2332 in
1234 2269 1334 2352 suspi-

269 2368 388 2434 cionem
408 2369 513 2434 m'endi
535 2372 635 2449 vocat,
656 2370 739 2434 reete
754 2371 870 2435 habent
890 2373 980 2436 acute
1001 2390 1055 2454 per
1066 2391 1229 2456 oxymoren
1240 2372 1333 2440 dieta.

270 2473 361 2537 Olim·
372 2474 475 2557 OEdipi
498 2476 578 2541 oeuli
591 2475 725 2554 (omissis
742 2474 792 2546 iis,
806 2495 873 2558 quae
888 2476 1131 2542 animadvertere
1153 2475 1333 2560 debuerant)

269 2575 329 2654 οὓς
340 2575 408 2665 ’μὲν
429 2573 491 2648 οὖν
506 2583 585 2657 ἔδει,
608 2577 970 2666 ioedueeurmatrem),
982 2578 1043 2654 οὓς
1058 2575 1088 2648 δ’
1099 2588 1246 2671 ἔχρῃζεν,
1269 2579 1331 2651 oria

270 2680 458 2772 ἐγνώκεσαν
485 2688 648 2772 (patrem);
680 2669 737 2752 h'on
756 2687 893 2752 minatur
920 2705 971 2754 eos
997 2690 1105 2770 postea
1135 2689 1168 2754 in
1196 2690 1333 2756 tenebris

267 2793 410 2870 facturos,
431 2792 464 2858 id
486 2796 543 2870 est,
565 2793 790 2870 nonfurtum,
813 2796 918 2878 erepta
940 2793 1065 2858 videndi
1084 2793 1272 2876 facultate.¹)

368 2898 434 2962 ibd.
457 2898 538 2960 1492
561 2918 626 2981 sqq.
650 2897 790 2981 (OEdipns
811 2898 891 2963 filias
914 2898 1109 2981 alloquiturj:

388 2997 482 3072 Ἀλλ’
504 2997 592 3088 ἡνίκ’
614 2987 658 3068 οἶν
680 2999 722 3087 δή
745 2997 832 3089 πρὸς
852 2998 974 3089 γάμων
995 2998 1091 3089 {juni
1112 2997 1237 3089 αἰιμοῖς,

388 3112 440 3183 τίς
461 3099 560 3183 οὗτος
582 3116 685 3182 ἔσται,
713 3109 766 3182 τίς
786 3110 1008 3193 mennonium,
1035 3113 1147 3185 τέκνα,

389 3209 516 3284 τοιαῦτ’
538 3209 653 3300 ὀνείδη
675 3210 876 3299 λαμβάνων,
896 3211 919 3282 οἳ
940 3229 1011 3290 τοῖς
1034 3221 1130 3302 ἐμοῖς

387 3325 545 3409 γονεῦσιν
567 3331 659 3389 ἔσται
682 3323 775 3409 σφῷν
797 3316 928 3406 θ’ὁμοὺ
949 3317 1140 3407 δηλήματα.

266 3499 463 3512 *—

220 3612 222 3616 ’
295 3597 318 3668 ¹)
336 3577 455 3656 vf1466
478 3599 673 3660 annotaverim,
696 3595 857 3658 necessario,
874 3595 1017 3649 interiecta
1041 3597 1102 3664 post
1121 3596 1190 3650 1462
1208 3597 1283 3660 (τοῖν
1302 3590 1326 3648 δ’

336 3692 451 3748 ἀθλίοιν
470 3693 594 3757 oleronis
610 3709 638 3744 τε
657 3688 813 3755 παρθένων
837 3687 927 3756 ἐμαῒν)
948 3687 1030 3755 longa
1053 3689 1082 3740 et
1105 3684 1249 3740 bimembri
1267 3701 1326 3738 sen·

335 3785 423 3839 tentia
441 3784 562 3860 relativa,
580 3781 790 3836 demonstrativo
818 3779 974 3850 pronomine
999 3778 1198 3833 substantivum
1223 3777 1252 3832 in
1270 3793 1326 3831 me·

336 3877 446 3932 moriam
464 3876 594 3932 revocari:
619 3878 688 3928 Ταῖν
705 3893 753 3943 μοι
765 3873 908 3942 μέλεσθαι.
938 3873 1037 3928 Postea
1045 3871 1102 3926 vidi
1111 3872 1150 3925 sie
1162 3869 1327 3924 Bruneirium

335 3969 494 4026 emendasse.
538 3968 708 4024 Recentiores
736 3965 893 4034 neglegunt.
939 3965 1083 4022 'Nanekins
1110 3964 1198 4018 toturn
1222 3979 1326 4018 versum

335 4063 391 4116 sine
409 4063 467 4116 ulia
484 4077 563 4116 nausa
579 4062 730 4129 suspectum
748 4061 836 4128 putat.
