2952 4668
605 301 664 356 Lib.
684 301 717 354 V.
1096 303 1157 364 617
1277 261 1279 266 *

133 519 205 566 eum
226 501 351 565 mollem
375 499 552 578 reddiderit,
573 499 674 564 totum
696 500 773 565 credi
793 501 879 566 iubet
887 501 924 582 ¹).
956 501 1036 565 Tum
1058 501 1107 580 (F)
1124 500 1199 568 aori-
1252 535 1257 550 ·

133 606 282 671 bendum:
305 600 417 678 oo’detc
446 597 576 691 γίνεται
610 599 792 691 συνεργός,
827 611 858 672 εἰ
888 605 938 690 μή
971 611 1197 691 γεγένηται

129 717 199 796 (pro
220 707 371 797 γένηται)
384 708 592 795 σύμβουλος
613 703 791 798 πρότερον,
813 715 969 796 postremo
984 715 1087 778 autem
1103 719 1144 798 (p.
1155 715 1198 778 ,63

134 819 201 901 Β)τΙ
228 812 245 883 δ
269 819 304 884 δὲ
328 813 602 904 πανουργότερος
630 827 699 884 ε”στι
726 823 792 904 μὲν
821 825 860 884 έν
887 819 932 903 τῷ
956 819 1199 904 συνδιαπορεῖν

135 926 189 989 καὶ
205 919 268 998 τοῖς
288 922 395 1010 σ’φρυς
417 919 602 1011 συνάγει
626 929 692 1008 (pro
714 925 866 1010 συνέχειν
880 927 935 989 aut
947 919 1120 1012 συνάγειν)
1144 930 1198 994 καὶ

130 1021 371 1098 συνδιανεί
380 1057 417 1096 ει
448 1035 515 1113 (pro
538 1025 785 1109 συνδιανεύειν)
812 1033 858 1116 τῷ
887 1023 1074 1118 προσώπῳ,
1111 1037 1198 1120 λέγει

134 1141 169 1205 δὲ
191 1133 299 1204 ου’δέν.

233 1244 301 1310 lbd.
325 1246 364 1304 24
386 1263 415 1325 p.
442 1243 481 1304 65
503 1241 529 1306 n
551 1241 698 1306 mendum
711 1269 721 1318 ‚·
747 1242 826 1324 quod
842 1241 1104 1326 'Wyttenbaohins
1126 1247 1199 1310 sub-

130 1369 202 1415 esse
225 1349 337 1426 sensit,
366 1351 411 1413 sic
443 1347 628 1413 tollendum·
649 1350 711 1413 est:
749 1343 788 1414 od
824 1355 873 1413 ἐν’
893 1348 984 1435 ιυιιχῄ
1019 1351 1103 1414 νοῦν
1137 1343 1197 1416 oo’u

134 1449 254 1544 ἐχούσῃ
277 1449 320 1520 δι’
342 1455 513 1549 εὐτυχίαν,
536 1447 583 1518 οὐ
606 1447 648 1518 δι’
670 1447 829 1538 εὐφυΐαν,
853 1450 942 1531 δυνος
960 1449 1196 1542 καέφρόννμα.

128 1561 182 1644 ·(V.
208 1554 250 1627 δι’
270 1556 429 1645 εὐτυχίαν
450 1553 537 1644 ἧδί
561 1552 729 1642 εὐφυΐαν.)

235 1667 301 1732 Ibd.
326 1667 365 1728 28
387 1687 416 1749 p.
440 1665 766 1730 conscribendum:
795 1662 909 1748 ὥσπερ
932 1666 993 1730 τοτ’
1017 1661 1198 1754 Κλεάρχου

132 1767 171 1838 ‘co'
207 1766 393 1856 πρόσωπον
425 1769 443 1838 δ
477 1771 702 1854 Ξενοφῶν..
728 1768 853 1854 ,παραὶ
888 1767 928 1836 εδ
965 1766 1060 1837 δεινά
1095 1799 1199 1858 φησιν

129 1871 309 1969 δρώμενον
344 1873 486 1958 εὐμενὲς
521 1923 528 1937 .
556 1925 595 1940 ..
630 1872 921 1962 εὐθαρσεστέρους
954 1893 1101 1944 ποιεῖν
1133 1889 1198 1965 (pro

133 1986 253 2064 ἐποίει)
278 1981 360 2058 τοδς
382 1975 660 2068 κινδυνεύοντας,
703 1984 811 2068 Neque
832 1985 900 2068 ipsu
921 1988 993 2049 sunt
1014 1985 1199 2069 Xenophon·

131 2094 173 2157 tis
195 2092 288 2157 verba
310 2107 405 2173 neque
427 2107 463 2153 ea
494 2087 566 2171 poni
595 2091 732 2156 ostendit.
759 2091 920 2156 verborum
942 2079 1025 2155 or'do.
1068 2091 1199 2176 (Imper-

131 2198 247 2263 fectum
270 2198 318 2263 est
338 2195 482 2261 infinitivi
503 2197 648 2280 tompus.)
1076 2180 1078 2186 Χ

233 2303 301 2368 Ibd.
327 2302 367 2366 33
388 2321 416 2385 p.
440 2301 479 2361 72
503 2299 551 2363 D:
584 2301 647 2368 τοῦ
674 2293 785 2387 ψόγου
813 2295 852 2366 τδ
875 2297 980 2386 τραχύ
1004 2305 1059 2368 καὶ
1083 2298 1200 2371 ueien-

133 2401 259 2474 οτιιιόν.
303 2409 387 2472 Imo:
412 2403 671 2472 καυστικόν.
715 2405 781 2471 Ibd.
803 2405 843 2468 36
865 2425 895 2489 p.
919 2407 960 2468 74
980 2405 1083 2493 Ατ,η“
1111 2406 1202 2495 πρδςΙ

129 2506 246 2597 δρμήν
267 2539 343 2579 τινα
365 2513 483 2596 βίαιον
506 2506 707 2594 ἴσταμένους
730 2517 762 2588 ἐξ
775 2513 931 2586 ἐναντίας
944 2518 1155 2600 φερομένην.
1169 2565 1197 2582 ..

132 2627 279 2684 ἐντεῖναι
304 2631 331 2683 κζ
354 2645 382 2683 τ.
407 2621 437 2682 λ.
482 2617 599 2682 Sorib.:
624 2622 949 2701 ἐξισταμένους,
973 2621 1112 2687 cedentes.

233 2725 278 2790 Ite
305 2723 505 2811 profectibus
537 2723 572 2788 in
603 2723 727 2790 virtute
749 2723 926 2790 sentiendis
947 2743 974 2789 ο.
997 2729 1011 2787 1
1036 2748 1065 2810 p.
1093 2729 1196 2794 7513:

135 2825 228 2898 Odot-
257 2825 322 2916 yoio
353 2835 390 2894 ἐν
411 2842 589 2913 μουσικοῖς
611 2853 662 2902 τις
685 2877 692 2890 .
717 2881 721 2892 .
750 2825 954 2904 ,ἐπιδιδούς
977 2833 1086 2917 γνοίη.
1132 2835 1198 2900 Ad·

130 2937 234 3004 denda
254 2937 406 3020 particule
429 2935 603 3000 necessaria
623 2935 783 3018 potentiali
803 2935 908 3001 modo:
948 2931 1038 3006 Οὐδὲ
1060 2937 1125 3025 γάρ
1148 2936 1198 3006 ἄν

134 3054 171 3111 ἐν
193 3056 379 3129 μουσικοῖς,
417 3043 448 3106 et
472 3041 586 3106 iterum
607 3041 699 3124 poulo
720 3044 791 3124 post
812 3042 878 3122 (Εμ
915 3043 968 3115 τίς
999 3038 1021 3107 δ
1028 3069 1048 3108 ν
1073 3038 1198 3130 α’γνοή-

134 3177 225 3219 σειεν
254 3153 298 3226 (et
320 3148 484 3232 praeterea:
519 3143 603 3211 ὥστε
637 3147 700 3212 τόν
733 3148 826 3232 προιῖ·
857 3145 1019 3213 ια’κιοτον
1052 3155 1197 3235 ἑσπέρας

131 3259 311 3347 γεγονέναι
334 3251 526 3336 κράτιστον,
556 3248 579 3335 ἢ
588 3277 607 3316 ν
630 3252 670 3317 δὲ
697 3248 786 3317 οὕτω
808 3255 877 3319 τινὶ
901 3248 1049 3342 συντύχῃ
1066 3253 1113 3322 τοὶ
1136 3259 1197 3338 τῆς

131 3363 343 3452 μεταβολῆς,
378 3355 641 3444 καταδαρθόντα
676 3360 808 3441 φατ’λον
840 3353 1045 3446 α’νεγρέσθαι
1078 3357 1195 3446 σοφόν,

130 3471 187 3537 ubi
222 3469 336 3535 editur:
374 3462 408 3549 ἢ,
441 3463 487 3532 δν
519 3467 569 3531 δὲ’
589 3459 677 3529 οὕτω
710 3489 737 3529 ιι.
766 3491 795 3528 τ.
819 3467 869 3542 λ).
915 3465 1018 3544 Idem,
1053 3470 1104 3551 qui
1136 3469 1196 3547 nic,

131 3576 334 3649 soloeoismus,
356 3573 451 3637 tacite
473 3572 620 3637 toleratur
641 3590 666 3634 ο.
682 3573 770 3652 10.p.
784 3570 822 3632 81
845 3571 873 3635 D
896 3563 1101 3657 (ποθήσειας
1123 3571 1196 3655 ἄν),

129 3683 171 3748 de
184 3681 253 3746 fort.
266 3675 356 3744 Rom.
369 3696 394 3741 υ.
408 3677 426 3738 5
449 3688 478 3759 p:
493 3676 595 3739 3181>
618 3667 683 3757 (ἆρ’
700 3667 770 3741 οὖν
791 3671 813 3740 oi
823 3701 844 3741 ν
865 3672 995 3762 ταύτην
1016 3703 1067 3752 τις
1089 3673 1196 3766 α’ρχήν

164 3919 185 3994 ξ)
204 3918 236 3970 In
258 3917 378 3972 versibus
396 3918 555 3976 comicorum
582 3921 611 3973 et
633 3920 795 3990 tragicorum
814 3919 976 3976 Meinekium
998 3924 1026 3976 et
1044 3921 1196 3979 Nauokium

205 4025 308 4080 semper
326 4011 463 4065 adhibitos
487 4025 557 4074 esse,
586 4009 653 4064 satis
678 4011 714 4064 sit
732 4012 813 4065 semel
837 4011 948 4079 dinisam
980 4015 1072 4083 itaque
1091 4014 1197 4084 siquid

205 4103 234 4156 in
253 4103 288 4156 iis
307 4106 390 4167 tento,
411 4103 482 4157 nihil
501 4103 547 4168 ibi,
566 4103 636 4172 qnod
654 4103 828 4167 satisfaceret,
848 4105 960 4174 repperi.
