3014 4666
679 301 795 372 inu.
1168 319 1228 381 ιιι

216 513 394 597 (inunctis)
415 515 493 578 latet
462 513 644 598 ealiquid,
666 515 745 598 quod
766 513 894 588 afficiat,
925 518 995 582 ιιι
995 537 1069 599 urpe
1092 519 1244 644 (saltem
1235 539 1267 585 ιιι

214 619 350 699 ridendo)
371 619 581 686 testimoninm
604 621 689 686 fiat.
716 619 789 685 Fuit
775 623 844 685 t:ne

444 748 491 789 ου
513 725 712 815 δανειοτῇ
735 727 801 844 (aut
822 719 1003 804 δάνειον)
1024 743 1228 813 μαρτυρεῖν,

253 811 259 824 ⁸
281 856 322 897 ου
345 844 579 916 συκοφαντεῖν.

215 937 333 1003 invisos
346 938 486 1003 homines
510 942 577 1016 (aut
587 937 666 1019 rem)
683 937 891 1022 Praxagorat
876 940 1008 1058 testibus
1031 939 1069 1004 ad
1091 939 1272 1006 obtinendas

216 1061 322 1109 causas
344 1061 447 1108 carcre
467 1042 542 1106 vult.
626 1129 632 1136 -

314 1147 398 1214 Plut
424 1149 500 1210 885·

352 1247 426 1320 ἀλλ’
447 1247 509 1318 οὐκ
533 1261 640 1318 ἔνεστι
664 1247 879 1337 συκοφάντου
901 1246 1085 1339 δήγματος.

215 1359 283 1424 Νοιι
313 1359 521 1436 satisfaciunt,
556 1378 622 1441 quae
649 1357 688 1422 ad
714 1359 892 1441 genetivum
920 1357 1141 1441 expediendum
1171 1359 1272 1442 proie-

215 1467 337 1542 runtur‚
373 1483 552 1548 vereorque,
586 1483 625 1546 ne
657 1463 802 1529 mendum
839 1463 946 1529 subsit.
1001 1463 1094 1533 Venit
1130 1452 1209 1528 mihi
1239 1465 1272 1528 in

216 1575 365 1634 mentem:
452 1581 458 1590 ’
635 1557 638 1564 ’
917 1561 919 1566 ’
1068 1559 1071 1566 ’

350 1669 455 1760 uinci
480 1669 509 1742 δ’
532 1683 662 1741 ὲυεοτιν
685 1669 897 1758 συκοφάντου
920 1672 1113 1760 ιιήγγιατσςς

217 1784 285 1844 aui:
308 1775 381 1846 ἄλλ’
403 1775 463 1847 οὐκ
487 1779 585 1854 ἄκος
609 1791 668 1846 ἔνι
692 1776 906 1865 συκοφάντου
921 1775 1103 1868 δήγματος.
1147 1781 1208 1846 Sed
1221 1801 1271 1848 res

216 1885 332 1951 incerta
353 1891 409 1952 est

315 1991 419 2058 cocali
432 1993 645 2075 Aristophanis
657 1991 873 2078 fragmentum,
896 1993 977 2075 quod
997 1992 1077 2082 apud
1088 1991 1273 2058 Athenaeum

216 2095 261 2160 XI
281 2117 311 2180 p
333 2097 394 2159 478
416 2098 444 2160 D
465 2099 589 2182 legitur,
612 2097 656 2163 sic
678 2097 872 2164 scribendum
894 2117 962 2163 esse
984 2085 1076 2163 dixi
1066 2117 1098 2162 un
1121 2097 1275 2180 Philologi

216 2203 283 2284 lp
307 2203 386 2264 616:

207 2343 209 2348 ·
255 2301 552 2395 υποττρεσβυτεροι
574 2311 676 2397 γρᾶες
690 2307 821 2376 Θασιου
841 2311 988 2391 μέλανος
1008 2301 1136 2393 μεστόν
1159 2333 1273 2392 κεροι-

698 2423 710 2438 ”
1101 2427 1227 2498 μεῖον

255 2523 434 2628 θέμεναι
473 2511 629 2590 κοτυλοις
669 2513 837 2608 μεγάλαις
880 2525 1059 2607 ἔβρεχον
1111 2525 1272 2605 σφέτερον

810 2625 925 2710 δέμας
935 2619 1055 2692 ovacra
1081 2621 1222 2709 κόσμον,

255 2739 349 2816 ἔρωτι
371 2724 484 2816 βιαζογ
487 2755 583 2794 ιεναε.

213 2837 247 2901 In
269 2837 422 2903 codicibus
451 2839 498 2902 est
526 2828 656 2919 μεστόν
681 2837 950 2919 κερομουμὲνοις
978 2831 1152 2911 κοτύλαις,
1183 2856 1271 2922 aper-

208 2943 330 3010 tissime
352 2945 480 3008 conflato
503 2955 683 3026 κερομεῑον
709 2945 741 3007 οι
761 2943 934 3025 participio,
964 2943 1073 3007 deinde
1105 2936 1272 3026 μεγάλοις

214 3055 328 3136 ἔγχεον
355 3055 388 3121 ἐς
416 3052 576 3133 σφέτερον
584 3069 595 3122 ,’
623 3049 691 3114 tum
715 3040 814 3114 ου’δὲν
835 3045 1003 3132 ἄκοσμον,
1034 3047 1115 3131 quod
1136 3049 1270 3131 'Poupius

213 3155 348 3220 correxit.
392 3155 468 3221 Posi
495 3147 697 3240 βιαζόμεναι
720 3154 873 3219 adduntur
894 3155 975 3218 haess:
1006 3157 1152 3238 μέλανος
1176 3157 1270 3219 οἴνου

212 3247 370 3346 dandene,
391 3261 577 3344 pertinentia
598 3261 638 3326 ad
658 3262 804 3345 μέλανος
824 3260 857 3323 in
877 3260 976 3342 primo
998 3279 1090 3326 versu
1112 3261 1270 3344 explican-
1350 3246 1352 3251 ’

213 3367 300 3444 dum,
334 3385 400 3450 quae
426 3367 509 3431 recte
533 3365 668 3448 'Poupius
696 3365 837 3443 sustulit,
871 3385 931 3430 non
953 3367 1034 3431 reete
1057 3367 1149 3432 simui
1171 3361 1267 3452 ἔρωτι

211 3466 422 3555 βιαζόμεναι.
832 3479 834 3490 “

640 3577 837 3591 „naqa—a·—
881 3573 886 3582 ¹

309 3660 547 3757 Aristophanem
580 3675 710 3760 excipiet
742 3676 971 3760 Apollonius
1003 3675 1196 3753 Rhodius,
1236 3679 1267 3741 in

211 3799 267 3862 quo
284 3799 344 3846 uno
366 3783 478 3864 prater
499 3799 558 3854 ees,
581 3800 656 3864 quos
678 3782 742 3848 iam
762 3786 942 3868 persecutus
965 3801 1044 3860 sum,
1066 3783 1157 3866 paulo
1178 3783 1269 3864 plura

209 3887 335 3950 tentavi
385 3883 532 3950 Semelt
518 3888 624 3952 tamen
651 3887 714 3971 legi
741 3907 799 3953 nec
829 3907 935 3954 omnes
956 3887 1169 3954 Alexandrinae
1190 3887 1267 3953 artis

209 3989 293 4054 sinus
316 3992 523 4073 perscrutatus
550 4011 629 4056 sum.
676 3991 771 4070 (Usus
800 4011 869 4058 snm
887 3993 1108 4059 Wellaueriet
1125 3993 1267 4074 Merkelii

209 4095 376 4178 exemplis.)
