2994 4672
298 289 359 352 442
726 289 785 344 Lib.
809 289 861 344 111.

255 486 456 578 πάγκακος).
500 489 618 568 Quid
608 489 652 573 igi
652 489 703 554 tur
652 487 806 554 titio?
791 485 1020 562 lScribetur,
1047 489 1190 572 utroque
1198 492 1322 574 supple·

257 600 359 666 mento
384 597 521 662 sublato:
544 589 562 659 ὁ
583 599 649 680 μὲν
670 587 806 681 cyclici
827 587 970 666 τούτων,
998 589 1017 658 ὁ
1045 595 1079 660 δὲ
1101 593 1160 670 οὔ,
1190 589 1322 686 ὅτανῇ

257 698 433 790 φειδωλός,
458 694 536 766 τότε
558 701 646 766 διίι.
665 727 694 765 τ.
717 702 744 766 λ.
781 698 883 764 Velim
906 699 1035 773 attendi,
1055 701 1321 784 interpolationem

255 811 424 876 feliciorem
445 807 571 874 fuissc'
562 827 595 872 m
619 805 819 872 deterioribus
841 803 1007 870 codicibus.
1305 841 1309 860 .

355 914 422 978 Lib
456 914 501 976 VI
532 934 562 995 p
598 913 657 974 752
686 911 727 976 O:
761 912 866 994 δῆλον
899 911 932 976 δὲ
961 901 999 974 τό
1027 937 1065 996 γε
1088 915 1265 990 τοσοῦτον,
1296 906 1322 982 cl

257 1021 413 1095 Κλεινία,
447 1021 550 1084 παντὶ
585 1011 777 1104 σχεδόν..
803 1010 873 1080 τό
901 1013 952 1100 μή
982 1019 1104 1102 ῥαδίως
1130 1045 1168 1106 γε
1192 1014 1321 1096 αυτούς

253 1128 406 1213 μηδένας
427 1125 678 1208 προσδέξασθαι
703 1115 775 1186 κατ’
797 1143 912 1241 αρχας,
937 1128 968 1188 εἰ
990 1126 1022 1188 δὲ
1045 1128 1227 1210 μείναιμέν
1249 1153 1321 1202 πως

256 1235 420 1300 τοσοῦτον
441 1225 574 1317 χρόνον
597 1240 657 1302 ἕως
679 1235 711 1294 οἱ
732 1253 937 1316 γενοαμονοι
968 1232 1089 1305 παῖδας
1115 1259 1184 1300 των
1205 1227 1345 1319 νόμιονι

255 1392 264 1407 .
288 1388 296 1405 .
321 1388 330 1403 .
354 1333 613 1422 κοινωνήσειανΙ
637 1339 826 1424 γενομένου
846 1360 885 1420 γε
905 1333 990 1419 μὴν,
1012 1327 1054 1404 οὗ
1082 1341 1226 1424 λέγομεν
1248 1381 1255 1400 ι
1280 1385 1287 1400 .
1311 1389 1319 1406 .

255 1439 388 1529 πολλήν
425 1450 526 1531 ἔγωγε
563 1435 753 1527 αόφάλοιαν
790 1441 886 1525 οἶμαι
926 1443 980 1506 irai
1016 1437 1104 1526 ,αετα
1145 1440 1206 1510 τόν
1241 1438 1319 1517 τότε

255 1547 408 1637 παρόντα
431 1545 553 1636 χρόνον
575 1544 619 1613 οἷν
640 1555 803 1636 γενεσθαι
826 1548 889 1613 τοῦ
917 1562 1033 1630 μεῖναι
1055 1545 1127 1634 τήν
1143 1551 1320 1638 παιδαγω-

251 1668 424 1749 γηθεῖσαν
446 1652 533 1722 οὕτω
557 1648 670 1721 πόλιν.
714 1653 853 1720 Primum
877 1655 1080 1720 revocandum
1103 1675 1171 1720 esse
1192 1679 1321 1740 προο-

255 1769 452 1843 ιλέξιοθαι
475 1763 581 1826 contro
602 1760 743 1826 codicum
765 1759 866 1824 levem
887 1759 1106 1826 inhuiusmcdi
1126 1762 1224 1828 torma
1245 1781 1320 1828 euc-

253 1874 411 1940 toritutcm
433 1871 487 1934 cut
502 1866 695 1932 scribendum
717 1858 747 1950 γ’
769 1860 819 1931 ἄν
834 1857 961 1938 cucone
975 1866 1055 1934 ratio
1077 1868 1186 1944 uincit3
1209 1867 1319 1934 deinde

253 1981 358 2046 eutem
389 1994 449 2040 nou
480 1974 586 2058 legum
621 1970 739 2036 sanctio
772 1970 941 2036 differendo
976 1972 1183 2056 significetur,
1220 1992 1320 2058 neque

251 2084 397 2168 ipsorum,
420 2080 472 2164 qui
491 2081 577 2163 leges
592 2096 673 2142 nunc
695 2076 768 2142 dent
790 2079 823 2142 et
843 2077 991 2154 sancient,
1011 2080 1185 2160 permansio
1202 2080 1320 2175 reliqua,

252 2189 307 2255 sed
326 2189 431 2272 logum
452 2184 666 2267 impositorum
688 2183 898 2261 conservatio,
932 2183 1030 2248 donec
1051 2182 1220 2252 adoleverit
1240 2203 1321 2252 nove

251 2294 364 2360 civium
386 2293 461 2358 aetas
482 2291 520 2356 iis
543 2309 562 2355 e
583 2288 713 2372 pueritie
735 2288 942 2354 adsuetorum.
998 2288 1199 2356 Scribcndum
1224 2291 1321 2375 igitur

251 2401 301 2466 est
325 2399 533 2484 μαίνειαν.
570 2393 767 2477 Relinquitur
787 2394 891 2477 aliquo
912 2394 1072 2460 sententiae
1087 2395 1320 2476 inconcinnitas,

250 2502 306 2572 sed
327 2506 360 2570 in
381 2504 429 2570 his
452 2503 539 2568 libris
561 2499 701 2576 ferendo3
723 2519 796 2565 num
816 2501 882 2564 hoec
904 2499 1040 2566 condicio
1056 2504 1088 2566 ei
1110 2502 1146 2568 δι’
1165 2521 1227 2568 nou
1247 2505 1319 2584 epte

250 2610 428 2694 adiungitur
448 2609 495 2674 illi
510 2607 768 2690 προσδέξεσθαι,
790 2605 846 2672 sed
867 2605 906 2680 ei,
929 2607 1009 2688 quod
1029 2607 1062 2672 in
1079 2626 1114 2673 eo
1136 2607 1318 2685 continetur,

251 2735 375 2799 prorsus
405 2715 621 2780 confirmatum
651 2712 688 2776 iri
714 2713 817 2792 leges,
848 2711 940 2794 idque
968 2712 1142 2780 decoretur
1173 2713 1317 2796 proximis

250 2821 327 2888 illis:
351 2823 538 2906 γενομένου
559 2842 598 2904 γα
621 2811 693 2902 μήν
716 2805 757 2884 οὗ
780 2820 924 2904 λέγομεν
946 2843 975 2882 ιι.
992 2843 1021 2886 τι
1037 2821 1065 2886 λ.
1075 2819 1099 2897 ¹]

350 2927 417 2992 ibo.
440 2947 468 3009 p.
486 2926 546 2987 755
560 2924 603 2988 E:
626 2918 691 3008 τήν
713 2916 743 2990 δ’
765 2916 1024 3009 α’ντιπροβολὴν
1045 2924 1133 2990 εἶναι
1156 2915 1317 3008 καθάπερ

251 3035 320 3100 τῶν
348 3031 552 3117 στρατηγῶν
573 3030 736 3115 ἐγίγνετο.
781 3031 863 3096 Son:
888 3023 1047 3118 καθάπερ
1076 3027 1098 3116 η’
1121 3031 1193 3098 τῶν
1215 3056 1318 3115 στρα-
1375 3050 1377 3055 ’

250 3139 374 3225 τηγιῖιν,
396 3139 432 3202 ut
452 3155 482 3218 p.
505 3137 564 3196 756
587 3135 626 3210 Α,
651 3135 712 3198 760
732 3135 762 3200 Α
782 3135 814 3200 in
839 3134 950 3202 iisdem
971 3137 1073 3202 verbis
1098 3137 1251 3204 scribitur.

350 3242 418 3308 Ibo.
440 3261 470 3324 p.
483 3241 591 3319 755E,
615 3241 674 3304 756
688 3241 766 3320 A,B
779 3261 845 3324 quae
868 3243 909 3308 sit
930 3241 1097 3310 difficultas
1119 3245 1151 3310 et
1171 3243 1317 3327 pruritus,

251 3351 446 3414 normannus
468 3345 562 3423 vidit;
584 3364 657 3410 nam
679 3346 717 3412 de
740 3339 920 3434 ἱππάρχων
946 3349 1101 3416 creatione
1122 3349 1170 3414 bis
1192 3351 1224 3418 et
1244 3368 1317 3417 con·

250 3455 343 3520 tr'crio
378 3450 469 3518 modo
502 3452 637 3516 sancitur
662 3455 701 3518 et
733 3451 816 3518 inter
849 3455 917 3520 τών
949 3447 1101 3520 ὁπλιτῶν
1136 3457 1217 3532 (τῶν
1252 3448 1317 3536 τήν

249 3554 379 3626 α’σπιίλα
403 3559 607 3643 τιθεμένων)
633 3559 664 3622 ot
685 3559 753 3626 τῶν
776 3560 884 3638 ψιλῶν
906 3563 937 3634 ct
958 3563 1105 3636 τοξοτῶν
1125 3561 1217 3630 ducos
1239 3561 1316 3630 odeo

250 3729 448 3740 ..ηρ-η...-

279 3827 300 3894 ¹)
319 3828 350 3884 P.
370 3829 421 3884 753
439 3827 462 3882 Β
481 3827 537 3882 hoeo
556 3827 649 3883 verba:
670 3828 699 3884 ἐν
717 3836 779 3894 ταῖς
798 3831 944 3902 σφετέραις
962 3829 1056 3888 αὐτῶν
1074 3836 1123 3903 τῆς
1141 3835 1248 3902 opitulor
1268 3836 1316 3888 δα·

319 3921 417 3989 σάμιοι
443 3919 572 3975 rertendc
601 3924 676 3975 sunt:
703 3921 739 3976 ln
764 3924 843 3978 suis
869 3923 1021 3992 ipsorum
1051 3925 1167 3980 stetis
1194 3925 1316 3996 copiis,

319 4011 370 4066 hoc
388 4015 437 4078 est,
455 4013 484 4066 iu
507 4013 542 4067 iis
560 4015 691 4069 exercitus
710 4015 841 4085 pertibus,
867 4015 902 4072 ad
926 4033 992 4085 ques
1016 4017 1129 4088 quisque
1150 4019 1230 4074 aetctc
1253 4009 1316 4088 per·

319 4104 390 4158 nuso
408 4105 563 4174 (πρόπαλαι,
587 4105 696 4179 ἔφηβοι,
715 4109 786 4175 cot).
