2944 4660
633 259 691 314 Lib.
711 261 732 313 1.
1133 261 1172 324 21

149 449 494 541 ῦπολαμβανομέαην
506 459 601 542 μέχρι
622 459 781 541 Μισηνοῦ
795 459 863 544 γῆν
881 450 950 524 οἷπῦ
970 459 1032 541 τῆς
1050 459 1217 543 πελαγίας

147 563 207 644 τῆς
233 557 367 646 circuiri
389 556 517 645 Κύμης
544 566 600 628 καὶ
632 558 755 642 αὐτοῦ,
782 565 818 630 ui
847 583 969 646 prorsus
997 563 1095 636 deleri
1120 565 1216 629 velini

147 671 206 752 τῆς
229 670 410 755 πελαγίας.
460 668 615 754 Scriptum
636 669 736 734 norat
762 663 918 754 οἱοῦ-τῆς
939 669 1103 756 unicolor,
1126 687 1144 732 u
1164 670 1216 734 li·

147 793 214 840 neu
236 777 464 840 transversa
488 777 592 840 inber
615 773 750 838 Cumas
777 775 814 838 ei
837 773 959 856 ipsum
982 775 1095 848 (laeum
1116 775 1216 839 Auor-

146 883 231 958 num)
243 881 281 964 ¹)-
319 881 507 948 Uneliitcre
526 880 662 956 brevius,
684 878 740 944 sed
754 877 848 944 simul
868 880 1064 963 pernegelius
1085 881 1214 946 uerbum

146 986 323 1051 subiectum
350 990 398 1052 esi
418 1005 472 1068 pro
494 1007 553 1052 non
574 1003 654 1052 raro
666 1004 740 1050 eene
762 1001 821 1048 nec
839 985 941 1068 ignoto
962 985 1044 1068 opud
1063 985 1216 1050 Velleium

145 1091 358 1170 Paterculum
373 1094 481 1176 quill,
498 1091 568 1168 103,
583 1093 604 1154 3
625 1091 669 1156 sic
683 1090 864 1172 scripserat:
888 1089 1081 1156 Lentidium
1102 1091 1215 1156 illins

148 1196 223 1260 diei
246 1198 325 1281 (quo
348 1197 488 1263 Tiberius
511 1199 550 1262 ab
572 1197 714 1281 Angusto
737 1195 899 1276 adoptatus
921 1197 982 1278 eut)
1006 1197 1067 1261 vix
1087 1197 1125 1260 in
1147 1197 1216 1262 illo

144 1302 247 1368 iusto
276 1321 392 1385 opere
420 1301 567 1366 abunde
601 1289 783 1385 pdrsequi
816 1301 1044 1383 poterimus,
1081 1301 1216 1382 nedum

145 1407 205 1472 bic
225 1409 392 1490 implere
413 1409 621 1472 contemne·
665 1405 863 1489 [Contenti
887 1407 1020 1490 simus]
1046 1407 1083 1472 id
1104 1427 1217 1474 unum

147 1513 311 1590 dixisse,
349 1531 458 1596 quem
493 1513 563 1576 ille
600 1512 775 1578 omnibus
813 1510 970 1576 foverit..
1034 1513 1217 1595 (Enumerui

147 1618 257 1684 deindo
282 1621 364 1684 bone
385 1618 484 1702 omnis
507 1617 628 1701 generis
643 1617 852 1697 indesperata
874 1619 906 1682 eb
925 1619 1024 1702 nubo.)
1068 1617 1216 1684 Scribiiur

145 1744 223 1788 nnnc
246 1725 372 1788 fuerit
393 1723 426 1788 et
446 1724 586 1787 tendetur
608 1723 858 1804 supplementum
881 1723 1023 1804 (omniu
1043 1725 1215 1792 omnibus

145 1830 280 1912 fuerit)
303 1849 358 1894 neo
380 1830 526 1894 Latinum
549 1829 689 1912 (omnia
715 1847 800 1893 esne
825 1828 1034 1911 alicuirnee
1055 1831 1216 1896 sententie

144 1938 270 2017 aptum3
293 1953 366 1998 nam
376 1953 476 2016 neque
491 1934 567 2012 dies,
589 1934 627 1998 de
644 1953 703 2017 quo
715 1935 826 2017 egitur,
848 1949 946 2016 neque·
958 1935 1097 2002 Tiberine
1114 1939 1217 2004 omnio

145 2043 290 2107 omnibus
300 2041 369 2117 fuit,
392 2039 515 2104 etiamsi
530 2039 562 2104 id
577 2041 686 2104 Leiine
699 2038 888 2119 dicerebnril.
913 2039 1052 2104 Valerius
1062 2040 1216 2106 Maximus

145 2147 201 2224 ΠΙ,
225 2149 257 2224 5,
282 2151 301 2206 4
325 2145 583 2224 Quorundam
606 2145 723 2210 dixerat
743 2145 781 2210 in
802 2145 963 2210 maximo
988 2146 1025 2209 ei
1047 2147 1217 2230 ingenio-

145 2271 274 2316 sorum
288 2251 428 2320 civium
444 2252 481 2314 ei
496 2251 822 2334 amplissimorum
834 2253 1020 2332 proventu
1035 2270 1216 2318 summum

145 2356 402 2422 oucioniiulis
425 2357 539 2439 etque
559 2355 789 2439 eloquentiae
806 2355 964 2438 gradum
983 2357 1216 2437 optinuiss03

146 2463 316 2526 substituto
352 2461 603 2544 ingenuorum
637 2463 671 2525 el
704 2461 886 2544 eloquentie
916 2461 1097 2545 significabo
1126 2464 1218 2544 periit

147 2567 199 2650 (—
219 2567 328 2648 itaque
357 2565 501 2630 Halmius
529 2567 602 2647 posi
628 2567 952 2648 amplissimorum
984 2566 1105 2632 addidit
1132 2587 1216 2634 orc-

146 2675 273 2736 torum
313 2672 362 2753 ῃ)
405 2674 437 2736 et
471 2672 599 2736 ridicule
649 2675 797 2754 tunquam
839 2671 1039 2736 memorabile
1078 2673 1215 2755 ponitur,

147 2777 312 2861 aliquando
332 2779 454 2842 multos
484 2777 579 2844 fidene
602 2778 764 2861 ingenuom
793 2796 853 2860 qne
875 2777 956 2840 enim
972 2777 1064 2842 aelnte
1086 2780 1216 2860 populus

148 2903 183 2948 en
209 2884 366 2948 libertinis
402 2884 595 2964 potissimum
636 2882 798 2948 constitit?-
847 2881 1062 2964 Transposites
1098 2883 1216 2950 litteras

147 2991 265 3056 hebeni
286 3007 377 3053 voees
399 2987 481 3070 opud
503 2988 705 3053 Plutarchum
733 2991 928 3054 commutate
948 2988 980 3052 in
1003 2987 1096 3052 Sullae
1118 3009 1142 3054 c.
1167 2990 1216 3067 17,

147 3097 199 3161 ubi
239 3097 273 3158 in
309 3091 466 3160 codicibus
501 3094 562 3158 est:
602 3086 810 3178 Ἀμφότεροι
848 3094 882 3159 δὲ
909 3086 1017 3158 ταῦτα
1049 3097 1126 3178 περὶ
1155 3097 1217 3180 τῆς

148 3203 209 3268 τοῦ
236 3201 329 3266 θεοῦ
357 3193 473 3283 ὀμφῆς
503 3205 660 3284 ἔφραζον,
689 3199 721 3264 id
749 3201 921 3283 οεομπερὶ
950 3202 1010 3284 τῆς
1039 3203 1101 3266 τοῦ
1130 3205 1220 3268 θεοῦ

151 3394 352 3402 .-.-——·

174 3513 200 3576 ²)
217 3514 306 3568 Tertii
322 3514 376 3568 loci
393 3513 465 3571 idem
483 3513 609 3568 mendum
627 3511 773 3580 corrigam,
798 3511 846 3566 ubi
866 3513 958 3568 ordine
976 3530 1008 3568 eo
1027 3516 1136 3570 venium
1155 3516 1216 3570 orit.

174 3604 199 3670 ¹)
220 3606 304 3660 Dico
322 3621 370 3675 pro
389 3605 482 3660 diseo
500 3605 620 3673 positum
643 3617 806 3660 correxeram
829 3607 893 3659 cute
920 3604 1021 3660 multos
1043 3623 1128 3662 anuos
1146 3609 1218 3678 apud

223 3699 351 3752 Senecam
369 3697 450 3751 nnec.
469 3696 499 3750 in
521 3696 624 3766 praefet.
644 3695 707 3750 libri
732 3696 757 3750 V
780 3698 1021 3751 controuersiarum
1039 3713 1066 3766 p.
1086 3701 1137 3754 319
1156 3699 1217 3767 Bip.

220 3789 302 3844 Nune
325 3792 430 3843 rectum
460 3787 609 3843 Bursionuo
636 3803 650 3841 e
682 3787 817 3843 codicibus
844 3790 979 3845 restituit(
1021 3790 1055 3843 In
1081 3805 1161 3844 aveo
1190 3795 1218 3845 ec

219 3879 333 3936 bebeo
355 3883 452 3948 preter
476 3879 553 3934 illem
571 3880 725 3935 litterarum
753 3879 770 3936 b
789 3883 818 3934 ei
834 3895 854 3936 v
871 3881 1065 3950 pronuntiandi
1089 3883 1217 3938 similitu·

222 3971 321 4034 dinem,
341 3985 423 4038 quem
441 3987 521 4040 supro
542 3972 754 4036 commemorari,
773 3971 916 4026 oocedebub
941 3974 1053 4030 alberius
1070 3975 1146 4028 uerbi
1166 3977 1219 4028 mi·

221 4079 274 4118 nus
292 4063 418 4132 frequens
435 4079 507 4119 mun.
