2944 4660
525 285 528 292 ’
588 303 593 320 ·
612 290 672 345 Lib.
688 291 707 344 1.
1116 291 1156 354 25

125 485 239 550 lilios
279 485 513 562 sustuleris,
558 487 705 569 poteris
734 487 878 554 hebere
912 485 1123 580 formosos,
1162 489 1199 552 et

122 590 322 656 deformes
355 589 518 674 poterim
552 593 721 658 fortusse
748 591 847 658 muti
868 592 1089 657 nascentur.
1137 592 1197 656 Pro

122 695 223 760 muti
256 695 461 767 substitutum
492 697 624 774 multi,
658 698 738 782 quod
770 717 841 764 oum
878 697 951 762 ferri
982 715 1042 762 uon
1079 699 1194 780 posset
1251 773 1254 783 ,

126 802 260 867 editores
283 801 366 866 varie
394 802 498 868 locum
524 803 749 886 interpolarent
758 802 795 885 ¹).
839 801 958 870 Gellius
976 801 1042 868 XII
1054 851 1062 879 ‚
1090 803 1127 879 2,
1162 803 1198 864 14

124 907 251 972 Seneeae
290 907 413 974 dicendi
443 925 541 991 genus
571 907 821 991 reprehendens,
862 905 1197 986 adolescentium,

126 1013 245 1096 inquit,
271 1013 547 1094 indolem·uon
574 1015 653 1082 tem
679 1015 831 1090 iuvent,
861 1031 940 1095 quae
969 1014 1063 1078 berre
1093 1013 1198 1084 dictu

127 1121 234 1196 sunt,
258 1137 372 1200 quom
392 1117 598 1196 inficiunt,
628 1139 708 1202 queo
732 1120 976 1186 rcaevieeime.
1023 1118 1198 1186 substituto

126 1223 350 1305 saepissime
380 1225 472 1306 periit
493 1225 662 1302 sententie,
695 1225 788 1308 periit
810 1225 1033 1306 contrariorum
1054 1227 1128 1306 epte
1148 1225 1198 1288 in-

126 1329 172 1392 ter
195 1347 230 1393 ee
251 1328 368 1394 relatio.
412 1329 502 1396 Alius
534 1349 611 1414 queo
643 1331 740 1401 male
762 1331 905 1407 dixisset;
950 1330 1068 1396 Gellius
1098 1349 1198 1412 neque

125 1437 192 1498 tem
221 1433 294 1498 miti
316 1436 348 1498 et
375 1435 510 1524 simplici
536 1435 629 1500 verbo
658 1455 757 1518 neque
784 1437 913 1519 positivo
941 1436 1104 1502 contentus
1127 1436 1197 1502 luit

125 1541 220 1624 Apud
253 1539 415 1620 Ovidium,
450 1543 492 1632 ut·
517 1537 621 1606 Latini
653 1559 773 1624 quoque
810 1543 911 1623 poetes
942 1541 1081 1622 exemplo
1117 1542 1198 1618 uter,

126 1647 335 1728 metamorph.
357 1646 411 1721 lv,
437 1645 496 1709 139
518 1665 585 1728 sqq.
602 1645 642 1710 dc
662 1641 776 1712 Thisbe
797 1647 964 1731 Pyramum
986 1625 1111 1732 lugente
1132 1645 1198 1710 haec

125 1753 290 1836 leguntur:
393 1817 395 1822 ,
596 1817 599 1828 ,
1067 1767 1068 1771 ’

210 1859 254 1922 Et
281 1857 399 1922 lanista
420 1869 523 1930 comus
544 1856 743 1938 amplexaque
764 1875 872 1938 eorpus
895 1858 1034 1922 amatum
1102 1895 1105 1902 ·

210 1964 351 2028 Vulnera
373 1961 529 2042 supplevit
550 1959 686 2026 lacrimis
708 1961 876 2046 fletumque
898 1981 1001 2028 erutus

211 2067 349 2132 Miscuit.

127 2175 210 2254 Quid
234 2174 277 2238 eit
302 2171 429 2236 vulnere
457 2171 642 2252 supplere
669 2172 822 2249 lacrimis,
851 2190 942 2238 nemo
972 2172 1049 2238 (lixit
1070 2174 1198 2251 dicetve

126 2283 162 2344 ut
181 2276 328 2360 intellegi
348 2276 463 2358 possit;
484 2295 558 2340 nem
572 2276 654 2359 quod
664 2277 818 2360 (ilerigiue
833 2278 916 2344 idem
931 2277 1008 2344 dicit
1025 2281 1198 2362 essentque

126 2387 270 2450 fletum
303 2400 436 2446 cruore
462 2381 639 2457 miseere,
666 2401 705 2458 ‚oe
731 2401 791 2448 uon
816 2383 1084 2467 enarratores).
1125 2381 1198 2448 Ori-

127 2493 197 2556 dius
222 2489 387 2572 scripserat
405 2487 580 2552 sublevit
602 2489 721 2573 (levit),
749 2490 806 2554 hoc
829 2491 893 2566 est,
915 2490 997 2572 quod
1017 2489 1112 2566 ΧΙΙΙ,
1136 2489 1199 2552 490

129 2599 252 2674 diuitum,
274 2593 460 2660 lacrimas
481 2591 522 2656 in
543 2593 711 2660 'vulnera
731 2595 844 2664 fudit.

215 2703 263 2768 De
284 2699 510 2784 permutatione
532 2699 692 2780 similium,
715 2721 782 2784 quae
804 2701 836 2766 iu
857 2702 985 2782 utroque
1007 2717 1144 2766 sermone
1167 2700 1200 2764 in
1311 2747 1312 2752 η

130 2808 226 2872 cercis
265 2805 448 2888 quibusdum
481 2805 606 2872 vocibus
641 2807 691 2889 (ut
723 2802 873 2883 κλεινός,
911 2799 1040 2883 κοινός,
1075 2799 1202 2881 καινός,

130 2906 247 2988 πάλιν,
265 2907 382 2988 πάλαι,
399 2903 512 2988 πόλιν,
525 2931 657 2995 queso,
675 2913 792 2996 queri,
804 2913 912 2989 utile,
934 2912 1021 2988 vile,
1044 2909 1200 2986 subtile,

92 3079 96 3086 .
131 3023 203 3097 cet,
233 3017 427 3100 maximeque
448 3017 480 3080 in
501 3018 676 3100 particulis,
705 3021 741 3084 ut
767 3015 826 3096 ἄν,
861 3009 922 3097 αὖ,
951 3013 1008 3095 ῶς,
1037 3025 1113 3096 ἕως,
1146 3018 1199 3080 καὶ

132 3120 189 3202 τά,
220 3119 321 3200 κατά,
354 3124 409 3202 ut,
448 3125 498 3201 et,
535 3124 756 3202 suammet,
780 3125 827 3207 ei)
860 3125 1085 3209 amplissimum
1108 3123 1202 3187 hebet

132 3230 298 3297 materiem
318 3232 350 3294 et
371 3229 554 3314 quibusdem
581 3227 675 3314 prope
702 3231 816 3296 infesta
841 3231 889 3296 est
911 3231 960 3313 (ut
982 3221 1201 3316 ἁμωσγέπως,

131 3334 253 3419 ἅττα),
286 3336 360 3400 setis
383 3335 502 3400 dictum
523 3335 597 3412 erit,
631 3336 658 3400 si
680 3335 904 3412 addiderimus,
938 3337 1032 3402 etium
1053 3335 1203 3400 termine·
1251 3369 1255 3379 x

132 3445 234 3510 tiones
258 3440 408 3525 quasdem
431 3459 498 3506 esee
519 3441 698 3518 verborum,
720 3460 804 3523 quae,
826 3443 898 3524 quie
918 3460 979 3506 non
1001 3441 1090 3506 valde
1112 3440 1203 3506 diesi-

166 3711 187 3780 ¹)
207 3709 321 3764 Mutis
344 3723 392 3778 pro
416 3705 535 3762 multis
558 3710 630 3762 recte
654 3707 785 3762 Gruterus
809 3708 930 3764 restituit
954 3707 983 3762 in
1004 3706 1074 3762 libro
1098 3705 1131 3762 de
1154 3681 1204 3764 rit.

205 3803 287 3857 beate
304 3804 330 3864 2,
350 3803 376 3856 3.

157 3905 186 3973 ¹)
209 3906 323 3969 Statius,
342 3903 463 3958 tumidus
481 3905 562 3972 petto
579 3905 608 3958 et
624 3903 714 3958 omnis
729 3903 844 3958 ridicule
862 3918 1036 3974 exaggerans,
1055 3901 1140 3958 Theb.
1153 3875 1206 3964 Ill,

208 4002 262 4056 1eo
280 3998 424 4052 vulnere
442 3995 516 4050 ulte
533 3995 687 4050 lacrimis
709 3996 845 4066 repleta
862 3996 956 4062 hebet3
975 3996 1023 4052 sed
1039 3997 1121 4066 louge
1130 3993 1206 4050 eliud

209 4092 282 4144 esset
299 4088 478 4158 supplete,
497 4091 529 4142 ut
546 4087 661 4144 terrimo
678 4105 727 4158 pro
745 4087 903 4147 vulneribus
920 4090 1020 4144 esseut.
