3000 4668
313 291 374 354 306
737 290 796 346 Lib.
815 292 867 347 Ill.

272 493 441 574 σφετέραν
477 481 583 564 ξύλων
622 479 721 553 ἐόντα
751 489 876 572 πειρᾶν
909 491 943 550 εἰι
976 487 1044 550 τῶν
1075 481 1222 572 βάθρων
1250 481 1336 554 α’να·

273 597 374 662 ontio.
419 594 513 678 Origo
540 592 653 656 erroris
687 596 719 658 et
751 594 860 658 deinde
887 593 1130 674 interpolationis
1162 587 1335 677 (οἷαοπεμ-

273 691 680 786 φθέν-εες-ᾰαικόμενοι)
714 699 746 764 in
774 699 871 764 altera
902 699 990 780 parte
1027 699 1185 764 sententiae
1212 699 1272 764 fnit
1303 706 1341 764 οἵ

272 828 326 898 pro
347 803 400 872 οἶα
424 806 495 870 ante
517 823 621 870 rocem
646 804 686 868 ab
705 830 725 867 α
747 803 946 890 incipientem
968 803 1126 897 scriptnm.

372 912 411 990 V,
433 912 483 987 92,
508 911 541 974 2:
565 901 610 993 ἦν
625 902 799 996 ὀλιγαρχίη
815 911 870 974 καὶ
894 897 986 974 οὗτοι
1002 902 1193 993 Βακχιάδαι
1217 903 1337 976 καλεό-

272 1044 373 1103 μενοι
403 1025 527 1100 ἔνεμον
555 1011 620 1101 τήν
646 1009 759 1081 πόλιν.
811 1014 907 1098 Serib.¹
930 1016 984 1080 uei
1008 1020 1046 1080 oi
1068 1009 1256 1100 Βακχιάδαι
1280 1042 1337 1080 κα-

273 1119 444 1209 λεόμενοι,
466 1123 524 1187 nisi
546 1123 638 1190 malis
661 1127 700 1187 oi
722 1115 817 1185 τότε
840 1123 946 1206 Βακχ.

372 1233 426 1311 vl,
447 1231 522 1290 102:
545 1221 787 1312 χειρωσάμενοι
812 1226 844 1292 δὲ
861 1221 925 1310 τήν
940 1219 1121 1308 Ἐρετριάν
1136 1229 1181 1304 (οἱ
1194 1223 1338 1306 Πέρσαι)

274 1339 329 1402 καὶ
367 1327 564 1426 ἐπισχόντες
597 1327 897 1420 ὀλίγασὴμὲρας,
939 1333 1063 1396 ἔπλεον
1096 1336 1130 1404 ἐς
1169 1329 1235 1415 γῆν
1274 1325 1339 1411 τήν

273 1436 440 1526 Ἀττικήν
462 1443 697 1525 ααιεργεόνεές
730 1465 766 1504 τε
790 1433 922 1504 πολλόν
950 1438 1004 1502 καὶ
1035 1438 1209 1508 δοκέοντες
1230 1428 1337 1500 ταῦτα

273 1543 356 1622 σούς
396 1541 613 1630 Ἀθηναίους
648 1537 818 1637 ποιήσειν,
853 1539 895 1608 τα
932 1545 986 1608 καὶ
1027 1537 1109 1616 τούς
1147 1537 1340 1626 Ἐρετριέας

274 1655 451 1737 ἐποίησαν.
504 1651 646 1716 Haer'etur
682 1653 713 1716 et
748 1651 815 1714 inre
854 1649 989 1714 haeretur
1025 1649 1056 1713 in
1093 1652 1340 1736 ααιεργέονεες,

274 1761 356 1846 quod
377 1759 430 1843 qui
451 1755 631 1841 comparant
658 1777 729 1821 cum
757 1755 893 1840 Thucyd.
921 1755 981 1829 VI,
1004 1755 1040 1832 6,
1069 1757 1099 1830 2,
1128 1774 1226 1838 neque
1248 1774 1340 1820 acon·

274 1866 408 1930 sativum
429 1863 473 1928 ibi
496 1862 635 1926 additum
659 1861 768 1924 curant
788 1879 887 1942 neque
909 1860 1162 1926 animadvertunt
1183 1861 1339 1946 signifiea-

273 1971 389 2036 tionem
427 1968 508 2033 bello
535 1965 695 2050 premendi
723 1967 755 2031 et
778 1965 945 2050 -fatigandi
980 1965 1019 2030 eb
1041 1966 1184 2032 hocloco
1208 1967 1340 2030 alienam

274 2095 351 2142 esse.
393 2071 574 2138 Festinandi
595 2070 778 2155 significatio
800 2070 872 2134 ferri
893 2072 1006 2152 potest,
1029 2071 1083 2136 sed
1111 2071 1212 2155 aptior
1237 2071 1340 2149 adid,

274 2182 356 2266 quod
401 2177 600 2260 adiungitur,⁴
640 2175 765 2260 superbi
813 2176 1028 2259 contemptus,
1067 2196 1163 2260 eaque
1208 2163 1342 2242 efficitur

274 2287 435 2360 lenissima
487 2283 672 2364 mutatione:
712 2273 997 2367 καταγνόντες
1041 2308 1078 2347 τε
1117 2279 1247 2348 πολλόν
1285 2285 1339 2348 καὶ

276 2393 449 2461 δοκέοντες
472 2415 501 2476 ιι.
524 2416 552 2454 τ,
576 2391 605 2452 λ.
1015 2449 1020 2458 ,

327 2485 330 2490 ’
374 2497 461 2575 VIII,
499 2495 558 2555 119
595 2493 755 2577 Pingelins
781 2512 832 2558 me
861 2493 981 2568 monuit
1001 2493 1153 2558 minorem
1182 2493 1245 2559 fore
1274 2511 1342 2558 ore·

273 2586 367 2669 tinnis
391 2588 572 2686 elegitima
592 2600 690 2664 forma
712 2598 945 2662 declinationem
970 2599 1002 2664 et
1028 2598 1204 2674 faciliorem,
1227 2598 1255 2664 ei
1277 2599 1342 2671 κῶς

273 2729 328 2792 pro
354 2704 440 2780 ὅκως
460 2706 561 2789 posito
588 2707 706 2769 rectam
737 2703 1012 2788 interrogationem
1039 2705 1245 2770 effecerimus:
1274 2705 1342 2770 τῶν

275 2810 304 2881 δ’
327 2817 466 2898 ἐρετεόιν
495 2858 503 2874 .
528 2855 536 2872 .
560 2861 566 2872 .
589 2809 654 2882 ναῖς
681 2801 742 2875 οὖα
770 2801 814 2874 ἄν
841 2810 918 2874 ἴσον
940 2809 1079 2894 πλῆθος
1103 2855 1111 2874 .
1136 2849 1174 2878 u.
1207 2812 1341 2893 ἐξέβαλε

276 2929 310 2994 ἐς
329 2917 394 3005 τήν
415 2914 612 2991 edicerem
643 2917 679 2980 ut
705 2935 742 2979 er
772 2913 889 2980 duabus
920 2903 1090 2981 sententies
1102 2915 1241 3000 partibus
1261 2915 1344 2997 prior

275 3021 676 3104 appositione-adiungetur
708 3019 748 3084 ad
775 3015 825 3106 μή
854 3015 915 3088 οὐκ
949 3015 992 3110 dy
1026 3021 1165 3105 ποιῆσαι
1199 3011 1341 3096 τοιόνδε,

276 3128 374 3192 altera
394 3145 449 3208 per
464 3144 497 3189 se
518 3127 659 3208 ponatur.

337 3295 339 3302 ,
376 3231 511 3295 Transeo
546 3231 585 3295 od
607 3232 730 3296 Atticos
752 3235 784 3298 et
805 3232 844 3298 ad
865 3233 1088 3317 Thucydidem,
1108 3232 1140 3298 in
1163 3251 1222 3315 quo
1244 3231 1343 3296 multo

276 3339 365 3420 plura
391 3337 517 3402 tentavi.
571 3337 693 3401 Accidit
719 3340 840 3412 tamen,
874 3339 920 3412 ut,¹
950 3357 1021 3402 curn
1042 3340 1242 3421 postremum
1271 3355 1342 3402 oum

276 3443 421 3527 legerem,
443 3441 508 3506 haec
529 3442 674 3508 orationis
696 3443 916 3510 constituendae
938 3446 969 3509 et
990 3446 1095 3510 omnia
1115 3443 1249 3508 rimandi
1270 3459 1343 3508 oure

278 3568 297 3613 a
319 3546 444 3612 secundi
477 3545 548 3612 h'bri
568 3547 656 3612 initio
681 3549 774 3614 etiam
796 3547 888 3632 paulo
909 3549 1056 3616 intentior
1076 3550 1174 3628 fieret,
1197 3569 1289 3632 qnam
1310 3550 1343 3614 in

279 3653 382 3735 alique
402 3651 495 3733 primi
514 3655 602 3735 parte
624 3654 735 3720 fueret.
780 3653 841 3719 Sed
861 3654 1058 3739 iamsingnla
1080 3641 1342 3739 persequamur.¹)

278 3853 476 3862 m

305 3983 328 4051 ¹)
346 3981 417 4038 Usus
434 3997 494 4036 snm
512 3981 609 4050 preter
628 3979 764 4050 Popponis
786 3981 885 4052 copias,
904 3982 951 4038 ubi
970 3999 1014 4039 ees
1031 3961 1176 4038 edliibendi
1200 3955 1344 4041 necessitas

349 4075 406 4129 vise
415 4076 468 4142 est,
485 4072 613 4138 Bellero,
632 4072 770 4140 Kruegero
782 4074 844 4143 (ΙΙ),
856 4072 993 4146 ΟΙοεεεαίο
1006 4076 1035 4130 in
1048 4075 1136 4132 tribus
1144 4076 1239 4148 primis
1254 4075 1343 4136 libris.
