2994 4672
623 305 682 362 Iro.
701 307 754 364 III.
902 303 904 310 ’
1116 313 1177 375 451

155 503 346 570 mittebatur.
392 499 490 571 Sciit.
513 501 670 589 δόγμαε
699 507 726 570 si
751 525 821 571 eum
849 505 1091 575 sententiatos
1112 517 1221 594 νομο-

157 603 315 692 φυλάκων
341 608 507 674 dimissuro
531 611 591 676 est.
642 611 848 696 significetur,
869 629 973 676 eorum
996 612 1126 680 decretis
1147 633 1218 699 pro-

155 711 311 780 ficiscendi
333 715 456 781 veniam
477 713 611 780 dendem
637 733 713 780 esse.

255 819 490 904 indumen:
512 814 574 885 τδν
596 813 626 886 δ’
646 815 962 906 εἰσεπιδημήσαντα
984 820 1073 906 μιτδ
1096 827 1219 900 τοῦτον

154 921 231 1012 χρή·
249 928 543 1011 φιλοφρονεῖσθαι.
607 925 777 1006 Quaeritur‚
817 925 943 1010 quinum
975 929 1128 1014 peregriui
1161 933 1218 998 ed-

152 1031 299 1098 mittendi
320 1033 392 1098 siut.
436 1031 548 1098 Sorte:
571 1025 634 1098 τδν
657 1026 686 1097 δ
708 1026 1104 1119 εἰσεπιδημήσαντα.

253 1137 320 1204 Ibd.
342 1157 372 1221 p.
397 1137 459 1202 953
480 1137 522 1204 u:
543 1132 594 1223 μή
615 1131 773 1224 βρώμασι
798 1139 852 1206 καλ
881 1140 1015 1224 θύμασι
1038 1139 1099 1216 cde
1121 1148 1218 1228 ξενη-

152 1245 271 1316 λασίας
288 1245 541 1328 ποιουμένους,
571 1237 732 1327 καθάπερ
765 1246 904 1312 ποιοῦσι
938 1249 1003 1312 νύν
1030 1253 1215 1334 θρέμματα

152 1351 296 1417 Νείλου.
348 1349 447 1432 Nugeo
474 1351 546 1414 sunt
572 1348 610 1414 de
644 1349 813 1433 peregrinis
856 1353 962 1427 cenis,
995 1353 1029 1418 id
1060 1357 1124 1433 est,
1154 1373 1216 1421 οω-

151 1475 260 1521 nerum
288 1453 502 1520 interdictione
538 1454 723 1538 expellendis
758 1456 790 1520 et
816 1457 965 1523 arcendis.
1014 1457 1111 1524 Scrib.
1134 1455 1215 1546 βώ-

150 1586 282 1646 μοισι.
327 1560 527 1646 significatur
554 1561 787 1644 peregrinorum
817 1560 998 1628 immolatio.
1040 1563 1121 1630 Note
1143 1570 1215 1632 sunt

149 1665 261 1732 febulae
301 1665 338 1730 de
379 1666 538 1742 Busiride;
580 1665 662 1748 epnd
704 1661 889 1732 Athenaeum
932 1668 976 1732 IV
1018 1687 1048 1751 p.
1091 1672 1148 1734 172
1185 1673 1214 1737 D

150 1772 296 1837 Seleucus
326 1772 437 1858 dieitur
458 1771 538 1855 περὶ
571 1771 633 1855 τῆς
665 1768 747 1856 παρ’
780 1774 987 1858 Αἰγυπτίοις
1024 1769 1209 1860 οἷνδρωπσ-

150 1879 277 1951 θυσιάς
297 1895 449 1942 narrasse.
489 1877 555 1941 Neo
575 1877 608 1941 in
629 1877 677 1942 his
700 1877 788 1944 lib'ris
810 1878 951 1962 (quorum
973 1898 1080 1948 sermo.
1094 1885 1213 1950 nullum

149 1984 243 2049 hebet
264 1983 424 2047 definitum
448 1984 583 2066 tempus)
603 1984 635 2048 in
657 1985 724 2049 vde
743 1983 858 2049 haerere
880 1983 1037 2052 debemus.

250 2087 316 2153 Ibd.
340 2108 369 2170 p.
394 2088 454 2151 959
475 2087 502 2152 Β
526 2089 740 2154 scribendum}
769 2085 831 2164 τδν
853 2087 992 2186 δὲςὸντα
1016 2087 1116 2177 ήμῶν
1138 2105 1213 2160 ooa-

149 2218 231 2262 οτον
264 2190 369 2266 ὄντος
400 2187 583 2260 α’θοῖνατον
616 2195 717 2272 εἶναι,
751 2191 864 2280 ψυχήν
898 2191 1211 2284 ἐπονομαζόμενον,

149 2292 243 2383 παρσῖ
265 2325 302 2364 τε
325 2294 432 2373 decdo
460 2295 583 2372 ἄλλους
610 2295 748 2368 α’πιέναι
776 2293 927 2368 δώσοντα
956 2296 1064 2390 λόγον.
1112 2306 1212 2392 Vulgo

147 2408 234 2472 otest
254 2411 302 2479 τέ,
322 2407 507 2489 quapropter
527 2406 725 2472 Hermennus
748 2405 836 2472 εἶναι
858 2407 954 2472 delen'
975 2409 1108 2474 volebat.

246 2511 314 2577 Ibd.
341 2532 371 2594 p.
404 2511 465 2574 959
493 2511 530 2576 G:
563 2512 683 2578 Ζῶντι
707 2507 773 2598 γάρ
806 2512 872 2578 ἔδει
904 2491 1055 2598 βοηθδῑν
1078 2507 1212 2588 πάντας

145 2612 227 2691 τούς
248 2610 495 2702 προσήκοντας,
517 2613 611 2691 ὅπως
638 2615 691 2684 ὅτι
719 2611 933 2692 δικαιότατος
965 2613 1013 2684 ὥν
1035 2622 1090 2685 ιιαὶ
1113 2615 1209 2686 δοιώ-

144 2747 246 2798 τασος
268 2731 324 2808 ἔζη
345 2747 381 2788 τε
404 2723 469 2803 ζῶν
491 2723 546 2796 out
568 2720 774 2807 τελευτήσας
796 2717 1010 2809 α’τιμολρητος
1032 2719 1077 2790 οἲν
1099 2727 1211 2792 κακῶν

144 2825 402 2916 δμαρτημιίτων
438 2829 587 2916 ἐγίγνετο
632 2826 693 2894 τδν
730 2825 819 2913 μετοὶ
858 2827 919 2895 τόν
950 2824 1085 2898 ’ἐνθάδε
1119 2834 1209 2918 βίον.

143 2938 185 3002 ut
224 2931 364 3020 ineptum
394 2936 442 3000 est
481 2927 713 3020 ἁμαρτήματα
745 2935 784 3000 de
820 2937 1010 3020 gravissimis
1043 2938 1209 3004 sceleribus

142 3061 241 3127 neque
262 3035 476 3127 desudemus
507 3041 681 3125 genetivum
706 3041 818 3106 hebere
846 3043 949 3125 potest
977 3043 1131 3121 maleficii,
1153 3044 1209 3108 sed

141 3141 353 3214 tantummodo
374 3165 445 3212 eum
466 3145 643 3230 genetivum
673 3148 810 3230 cognatae
838 3147 979 3222 notionis,
1013 3148 1065 3231 qui
1096 3149 1209 3213 odiun-

140 3255 224 3338 gitur
249 3254 409 3320 adiectivis
438 3271 509 3317 cum
537 3251 684 3336 negative
712 3251 864 3334 particula
890 3252 1078 3333 compositis,
1109 3271 1207 3336 neque

140 3359 272 3438 omnino,
296 3361 323 3426 si
343 3357 496 3424 meleficia
517 3357 774 3439 significarentur,
796 3355 983 3422 edieotivum
1007 3359 1132 3435 [κακῶν
1153 3363 1207 3425 aut

140 3463 236 3542 eliud)
258 3463 431 3541 adderetur,
452 3464 539 3546 quasi
561 3463 715 3527 certorum
732 3462 855 3526 tantum
878 3461 1102 3528 maleficiorum
1116 3483 1207 3546 poene

138 3570 265 3636 vilende
286 3571 378 3634 esset.
421 3569 538 3651 ltaque,
561 3569 654 3632 simul
675 3585 711 3632 er
739 3563 798 3644 ἄν,
830 3565 910 3650 quod
932 3567 1045 3632 soloeoe
1074 3568 1205 3650 ponitur,

139 3677 172 3740 et
194 3675 314 3753 κακῶν,
336 3674 416 3758 quod
436 3673 671 3758 ignavissimum
687 3674 744 3746 est,
766 3671 876 3736 effecto
900 3665 922 3737 α’
927 3667 996 3738 ord
1002 3701 1055 3741 τω
1067 3701 1104 3755 ν,
1126 3679 1206 3762 quod

139 3781 314 3845 ε.1826α
342 3799 392 3844 me
419 3779 600 3843 annotatum
621 3775 894 3843 winckelmennns
926 3784 1097 3865 occupavit,
1126 3784 1201 3849 sori-

137 3886 273 3952 beudum
295 3887 359 3951 eet:
383 3880 596 3968 ἀτιμώρητος
617 3876 802 3950 α’νιοῖτων
823 3879 1144 3968 τιμωρημάτων.

237 3991 302 4058 Ibd.
324 4011 354 4073 p.
379 3991 440 4052 960
462 3989 504 4056 O:
532 3985 579 4056 Τό
596 3981 748 4072 Λάχεσιν
760 3992 828 4070 μὲν
848 3984 913 4072 τήν
935 3986 1075 4077 πρώτην
1097 3993 1199 4068 εἶναι,

136 4093 273 4164 Κλωθώ
311 4096 345 4162 δὲ
380 4091 444 4179 τήν
477 4095 652 4180 δευτέραν,
685 4089 749 4177 τήν
779 4089 961 4179 Ἄτροπον
997 4097 1031 4164 δὲ
1062 4100 1193 4185 τρίτην,

954 4206 1005 4258 ro*
