3004 4676
327 263 388 325 528
754 263 815 319 Lib.
833 263 880 319 IV.

385 463 453 528 Ibd.
476 463 516 526 96
547 463 588 539 (3,
613 465 658 539 l):
696 456 783 544 πρός
808 486 846 526 τε
870 456 933 534 τοὶς
954 462 1022 526 τῶν
1043 454 1134 547 ζῴων
1157 460 1212 526 καί
1235 459 1350 544 φυτῶν

286 562 465 642 συστάσεις
497 569 551 634 καί
586 569 655 635 τῶν
686 565 798 633 ἄλλων
828 561 1072 648 ἦμισυσταλεῑς
1102 566 1171 632 τῶν
1200 560 1269 632 διεδ
1303 569 1348 652 τῷ

285 668 356 760 α’ἐρι
380 678 436 741 καὶ
459 681 495 740 ἐν
518 667 608 758 αὐτῷ
631 673 756 758 ἐκείνῳ.
790 671 851 736 Pro
865 691 947 750 voce,
970 692 1062 756 quam
1084 676 1259 755 corruptam
1280 691 1349 738 csse

285 782 483 856 consentitur,
516 769 721 857 scribendum,
743 798 806 843 unu
826 777 931 844 littera
952 781 1089 855 mutatu,
1111 771 1350 861 ἡμισυστιί-

286 911 383 958 oeae.
433 885 552 951 Nouam
573 903 681 950 vocem
702 883 909 964 componendo
931 883 1042 950 Strabo
1065 882 1169 961 tinxit,
1202 884 1240 947 ut
1254 885 1350 968 signi-

284 993 399 1069 ficaret
422 989 494 1056 eolis
517 989 724 1054 animantibus
746 990 779 1053 et
799 989 947 1070 stirpibus
968 987 1164 1056 tribuendum
1189 1007 1257 1054 esse
1278 1007 1350 1071 pro·
1365 1049 1386 1067 ,,

283 1099 349 1182 prie
371 1091 543 1164 σύστασιν.
955 1161 958 1168 ,
1047 1121 1051 1128 ·

383 1202 451 1267 Ibd.
467 1201 558 1285 paulo
580 1201 651 1283 post
672 1199 883 1265 scribendum:
907 1204 1001 1283 ζητεῖ
1020 1192 1087 1284 γδρ
1110 1193 1132 1283 η’
1154 1199 1350 1287 ηεαγραφία

284 1311 332 1398 τῇ
358 1310 474 1392 ἑτέρᾳ
505 1309 570 1389 (pre
591 1305 654 1387 τῆς
675 1305 799 1389 ἑτέρας)
830 1306 898 1370 τών
929 1299 1104 1389 εὐηράτων
1123 1299 1285 1390 σῖφσρίσαι
1309 1302 1348 1371 cd

285 1408 490 1497 οἰκούμενον
514 1404 572 1495 ὑφ’
593 1404 693 1494 ἡμῶν
716 1411 848 1495 τμῆμα.
881 1412 951 1477 Non
972 1413 1133 1493 seponatur
1147 1431 1217 1494 pere
1232 1411 1350 1478 anobis

284 1521 424 1586 habitata
445 1520 484 1584 ab
506 1518 603 1582 altera
625 1535 699 1580 zona
721 1518 894 1600 temperata
921 1518 1001 1599 (ipse
1024 1517 1107 1582 enim
1131 1519 1212 1594 eet),
1238 1517 1294 1582 oed
1315 1535 1351 1583 ea

282 1625 470 1692 terminatur
502 1626 534 1688 et
566 1621 747 1686 continetur.
801 1622 883 1700 (Vid.
910 1643 940 1705 p.
963 1623 1002 1684 67
1025 1643 1055 1688 n.
1085 1623 1118 1686 et
1149 1622 1189 1688 ed
1211 1623 1349 1707 Thucyd.

283 1731 411 1810 1183.)

384 1835 451 1900 Ibd.
467 1834 506 1895 97
533 1827 580 1908 (3,
600 1834 634 1912 2)
649 1831 861 1896 scribendum:
885 1833 990 1916 δῆλον
1011 1828 1089 1918 γαρ,
1113 1829 1179 1904 ὅτι,
1204 1835 1242 1896 εἰ
1261 1831 1351 1898 διαι-

285 1955 392 2027 ρεῖται
427 1934 512 2004 κακοί
547 1934 677 2021 ταύτην
709 1932 775 2022 την
808 1933 921 2023 τομήν
955 1939 1009 2004 καί
1036 1933 1060 2021 ἠ
1090 1938 1350 2022 διακεκαυμένη,

284 2060 378 2113 ποιεῖ
397 2070 474 2110 τινα
498 2040 767 2128 ἐπιτηδειότητα.
811 2045 848 2110 In
870 2044 957 2110 codd.
985 2047 1016 2108 et
1038 2043 1107 2108 cdd.
1130 2043 1219 2108 deest
1242 2048 1282 2108 εἰ.

384 2151 451 2217 Ibd.
475 2151 535 2214 105
558 2155 599 2228 (4,
621 2151 671 2222 3):
705 2152 760 2215 καί
794 2158 831 2215 ἐν
863 2151 953 2235 δεξιᾷ
986 2154 1035 2224 εἰς
1067 2143 1133 2235 τηίι
1158 2142 1349 2235 Ἰαπυγίαν.

288 2258 490 2324 Manifestum
513 2257 561 2322 est
581 2256 740 2338 (quoniam
762 2257 812 2320 hic
832 2257 864 2321 in
885 2256 1040 2322 metiendo
1064 2251 1134 2321 'sinu
1155 2255 1315 2321 Adriatico
1337 2273 1355 2320 ε

287 2364 415 2430 meridie
447 2362 651 2444 proceditur),
689 2361 782 2426 scribi
813 2362 954 2428 debuisse
996 2369 1032 2426 ἐν
1065 2354 1233 2446 α’ριοτερᾷ.
1296 2360 1355 2426 Sed

288 2489 396 2536 omnes
418 2469 465 2532 hae
487 2487 577 2533 uoces
599 2485 742 2550 perverse
763 2467 1009 2550 interponuntur,
1033 2487 1104 2532 cum
1125 2469 1193 2532 tota
1212 2480 1355 2532 mensura

289 2575 422 2644 alterum
444 2573 611 2652 (Graecnm)
634 2573 708 2637 lituo
736 2575 892 2656 sequatur.
944 2572 1034 2638 Unde
1055 2575 1160 2636 tamen
1189 2573 1263 2636 orta
1284 2571 1353 2647 sint,

288 2683 398 2746 haereo.

389 2784 458 2850 lbd.
477 2784 536 2845 106
559 2786 601 2862 (4,
622 2785 676 2856 3):
700 2776 770 2846 α’νιδ
793 2782 828 2848 δὲ
850 2784 910 2866 τῆς
930 2777 1071 2856 Ῥοδίας
1093 2785 1142 2854 εἰς
1164 2778 1355 2862 Βυζάντιον

290 2937 329 2954 ..
354 2941 360 2953 .
383 2889 790 2974 περίσεενταιιισχιλίσυς,
814 2882 857 2960 νίς
879 2881 1044 2972 εἰρήκασι,
1068 2887 1238 2960 σταδίους.
1271 2886 1356 2952 Nihil

290 2999 347 3073 est,
369 2995 451 3060 unde
476 2996 609 3078 pendeat
630 2993 833 3060 accusativae.
888 2994 1107 3062 scribendum:
1144 3015 1356 3078 πεντακισχι-

291 3103 384 3174 λίους
407 3101 560 3186 εἰρήκασι
584 3101 752 3172 σταδίους.
795 3095 865 3173 Ὡς
887 3121 923 3165 en
949 3124 1009 3172 ους
1030 3103 1143 3178 edum,
1166 3101 1252 3166 cuius
1276 3117 1356 3164 erro·

290 3207 333 3274 ris
356 3208 474 3290 aliquot
498 3207 637 3289 exempla
657 3224 750 3286 supra
774 3207 889 3272 notavi.
942 3206 1039 3270 Paulo
1062 3207 1143 3288 post,
1165 3206 1219 3270 ubi
1241 3205 1355 3270 editur:

292 3306 334 3378 οδ
355 3308 419 3397 γοίρ
443 3305 699 3404 παραπλήσιον,
722 3305 807 3377 diod
829 3309 919 3379 πολεί
942 3303 1193 3396 δυσμικσίτερσν
1216 3311 1302 3380 εἶναι
1318 3305 1356 3374 ud

292 3419 419 3503 δίαρμα
433 3409 557 3496 τοῦτο,
579 3418 751 3482 tollendum
775 3414 862 3480 εἶναι
877 3418 978 3482 autin
994 3418 1064 3484 ἐστι’
1079 3416 1271 3484 nuendum.
1308 3415 1358 3480 Ab

291 3525 358 3607 ipso
380 3523 531 3590 Strabone
553 3525 611 3589 hoc
631 3524 775 3588 obiicitur
797 3523 904 3586 alienae
927 3525 1088 3590 sententia
1109 3521 1303 3606 praecedenti.

394 3631 456 3704 (De
478 3650 508 3713 p.
532 3630 602 3704 110,
633 3648 657 3694 σ.
682 3629 764 3707 5,1,
793 3648 823 3710 p.
851 3630 920 3706 117,
948 3647 976 3708 σ,
998 3631 1026 3707 5,
1052 3627 1098 3704 10,
1125 3648 1156 3710 p.
1180 3629 1250 3705 121,
1280 3646 1307 3691 c.
1329 3627 1361 3703 5,

295 3735 333 3796 17
357 3734 476 3800 dietum
499 3737 548 3800 eet
564 3753 662 3817 cupre
682 3753 712 3816 p.
737 3735 787 3808 27,
808 3754 839 3816 p.
857 3735 909 3810 37,
931 3754 962 3816 p.
985 3735 1048 3812 71.)

299 3877 303 3888 ·
394 3839 463 3906 Ibd.
488 3839 547 3901 114
569 3841 611 3919 (5,
636 3841 683 3916 u:
721 3842 776 3904 καὶ
805 3851 948 3923 σιερατσῑ
976 3835 1017 3906 ud
1044 3835 1251 3923 προσάρκτια
1274 3840 1362 3922 μέρη
